2996 4935
917 637 1287 682 nonnarum
1325 639 1511 681 mmm
1543 640 1645 680 111.
2134 615 2204 685 67

499 731 720 802 uotus3
755 731 822 788 et·
851 729 988 788 hinc
1026 729 1245 788 missus
1280 730 1375 787 est
1417 729 1587 789 fliius·
1606 731 1851 790 Uraniae

501 818 586 877 Ad
625 818 832 887 imum,
871 818 970 892 qui
1013 817 1270 880 referret·
1295 819 1434 892 quid
1475 819 1612 877 novi
1652 819 1820 880 foret.
1856 807 1866 816 “

499 907 704 964 Redux
739 908 850 975 ait,
888 910 1174 978 Pegasum
1212 907 1583 981 depugnasse
1622 923 1756 966 cum
1796 910 1998 981 asine,

499 998 663 1053 Hunc
702 998 760 1052 et
798 994 1110 1054 subactum
1147 997 1232 1053 sic
1272 996 1525 1055 inaniter
1556 989 1755 1071 'queri

500 1116 573 1126 —
608 1083 718 1142 Sed
756 1087 944 1142 mater
978 1099 1118 1157 prae
1155 1083 1464 1143 sororibus
1500 1117 1573 1127 —
1607 1086 1748 1158 quid
1784 1089 1960 1147 erunt
1985 1089 2199 1160 minae,

501 1174 687 1242 Dixit,
726 1174 908 1243 asini,
947 1173 996 1230 si
1035 1175 1280 1246 questus
1317 1177 1459 1232 sunt
1495 1173 1881 1250 hujusmodi?
1907 1209 1980 1220 —

499 1267 688 1333 Quare
728 1265 1057 1337 posuerunt
1090 1266 1464 1337 assumptum
1504 1264 1577 1324 ad
1620 1265 1773 1324 latus
1810 1266 1999 1340 lyrae,

500 1353 754 1411 Monitor
790 1351 888 1422 qui
925 1351 1256 1412 deterreret
1295 1353 1376 1410 uti
1417 1355 1679 1426 nescim,

501 1443 653 1500 Dum
692 1455 831 1516 prae
868 1441 1084 1500 futuris
1121 1441 1372 1514 diligunt
1409 1444 1774 1516 praesentia3

499 1533 618 1590 Pro
655 1531 920 1597 veritatis
958 1530 1160 1589 libero'
1185 1533 1503 1606 praeconio
1624 1575 1627 1580 -

502 1618 741 1677 Adulari
779 1619 1114 1694 suscipiunt
1149 1621 1208 1678 et
1246 1621 1511 1694 pecunia.

346 1859 464 1890 xxx
473 1848 598 1890 nul.
932 1849 1066 1906 IRIS
1116 1852 1205 1906 ΕΤ
1252 1851 1627 1908 PARELIUM.

503 1975 742 2029 Hnaons
780 1972 917 2044 quia
954 1972 1314 2030 dissentiunt
1349 1971 1436 2029 ab·
1460 1971 1671 2030 ordine
1763 2039 1773 2046 ,

502 2061 918 2128 HumanitatiS,
960 2064 1024 2119 ut
1060 2060 1180 2117 sint
1215 2058 1625 2131 admirabiieS,

504 2149 630 2206 Non
669 2151 810 2208 sunt
845 2149 918 2206 ad
956 2163 1131 2206 usum
1172 2149 1484 2208 convictus
1522 2149 1850 2209 domestici.

501 2239 684 2315 Nemo
721 2237 1004 2313 parelium
1046 2253 1228 2310 grave
1261 2238 1517 2296 sustinet
1554 2238 1771 2298 oculis:

503 2327 612 2384 Iris
650 2327 753 2386 sed
789 2343 822 2386 a
859 2326 1125 2385 colorum
1165 2327 1527 2386 continentia

503 2418 771 2488 Recreat‚
809 2416 1138 2477 offensione
1181 2416 1337 2477 uuila
1375 2430 1689 2487 sensuum,

507 2508 578 2564 Et
614 2520 813 2580 pacem
852 2506 1136 2591 auspiciis
1171 2507 1430 2581 parturit
1466 2505 1761 2565 felicibus,

355 2747 554 2780 xxxxv·
961 2739 1206 2795 PILEUS
1245 2740 1333 2795 ET
1371 2738 1652 2806 AQUILA.

501 2864 634 2921 Cum
669 2862 928 2921 fascibus
967 2865 1026 2920 et
1063 2861 1377 2920 securibus
1418 2861 1474 2919 in
1516 2859 1713 2919 medio
1749 2859 1862 2919 fori

501 2948 780 3010 Sublimis
817 2950 998 3010 arbor
1035 2951 1249 3025 piieato
1287 2950 1515 3009 vertice

461 3037 701 3097 ‘Stabat
737 3040 794 3096 in
837 3038 1224 3113 opprobrium
1265 3040 1603 3097 exsecratae
1640 3037 1991 3111 tyrannidis.

502 3127 706 3197 Aquila
743 3141 1046 3201 purpureo
1083 3127 1163 3186 nii
1203 3126 1403 3185 colore
1445 3130 1657 3185 territa

501 3217 715 3275 Rostro
753 3215 1046 3289 corripuit
1082 3215 1328 3289 piieum,
1367 3216 1425 3272 et
1461 3215 1585 3286 egit
1622 3214 1797 3275 attius

501 3307 686 3374 Quam
723 3305 858 3378 quis
894 3304 1096 3363 videre
1137 3304 1337 3378 posset
1375 3302 1619 3377 lynceus
1657 3300 1867 3361 oculis.

501 3394 632 3452 Fuit
669 3395 769 3468 qui
808 3393 1138 3468 despiciens
1175 3391 1548 3452 admoneret:
1582 3422 1657 3435 -
1690 3392 1872 3450 Heus!
1912 3390 2053 3460 viri,
2114 3421 2123 3433 ·

501 3485 755 3555 AEquare
784 3482 920 3558 Jura
959 3482 1058 3556 qui
1103 3483 1322 3556 paratis
1357 3480 1617 3552 civibuS,

501 3571 736 3641 Insigne
772 3575 1038 3631 vestrum
1077 3585 1323 3645 quaeso,
1361 3587 1472 3631 cur
1509 3572 1596 3630 sic
1635 3569 1868 3641 tonius,

501 3661 718 3717 Omnes
757 3660 822 3717 ut
855 3660 1020 3719 facile
1060 3662 1257 3721 vincat
1293 3659 1661 3731 altitudines,

502 3748 650 3808 Odio
686 3762 860 3820 quam
899 3748 1157 3821 bahem,
1195 3749 1423 3823 aquilae
1449 3724 1537 3807 ‘fit
1558 3721 1965 3823 'sitffi-opior?
2000 3780 2071 3791 —-
2112 3714 2260 3832 [ἷῦ
2274 3744 2373 3786 Μ’

568 3835 834 3895 Libertas
873 3838 930 3894 in
971 3835 1292 3895 viminibus
1330 3835 1588 3896 demissa
1624 3840 1716 3895 est
1750 3838 1935 3911 magis
1949 3858 1965 3911 3

499 3926 750 3999 Ideoque
789 3940 1088 3999 nunquam
1127 3925 1477 3987 detruncata
1516 3926 1583 3985 nt
1612 3926 1816 3987 minor

500 4019 720 4089 Capite,
759 4030 1166 4089 quaecumque
1205 4019 1382 4077 vento
1417 4019 1495 4076 sit
1532 4016 1821 4076 violentia.

501 4108 710 4165 Haeret
749 4104 988 4165 libertas
1029 4105 1318 4166 virtutum
1360 4106 1686 4167 radicibus:
