2996 4935
1227 627 1593 684 naumann.-

497 807 640 865 Lxll.
1034 803 1320 864 vussms
1367 801 1461 860 ET
1501 801 1794 859 POMUM.
1896 761 1899 764 ’

559 1004 566 1013 ·
689 966 913 1024 Vsams
937 963 1234 1023 habitabat
1255 964 1464 1022 malum
1487 961 1792 1035 pendulum
1831 960 1903 1018 ab
1930 961 2127 1019 arbore
2146 1001 2160 1028 ‚

691 1073 897 1129 Avium
921 1069 1228 1130 voracitate
1255 1070 1450 1129 delusa
1471 1113 1488 1140 ,
1530 1069 1763 1126 latenss
1824 1065 1841 1084 ⁶

691 1179 864 1236 Venit
891 1177 990 1249 qui
1020 1177 1301 1249 carperet,
1329 1177 1388 1233 et
1418 1176 1693 1248 arriperet
1718 1177 1975 1244 tempore

695 1285 1005 1356 maturum,
1030 1300 1249 1343 mensae
1276 1282 1585 1342 destinaret
1608 1282 1674 1340 ut
1697 1278 1885 1340 alterii

697 1393 737 1451 J
739 1393 892 1451 acuit
916 1391 1188 1462 divisum,
1212 1392 1363 1463 quod
1385 1388 1653 1464 placebat
1676 1389 1959 1460 integrum
1974 1428 1989 1455 ,
2050 1416 2062 1446 x

696 1497 809 1556 Lue
837 1496 1146 1556 manifesta.
1173 1497 1389 1556 Vermis
1415 1495 1647 1555 occisus
1670 1493 1821 1557 fuit:

698 1603 826 1664 Non
850 1604 977 1662 ideo
1001 1617 1223 1676 pomum
1243 1601 1486 1661 vidimus
1516 1601 1886 1660 revalescere.

763 1710 1000 1770 Discant
1021 1710 1233 1770 habere
1262 1687 1591 1778 laudatores
1622 1707 1823 1781 optimi
1900 1744 1904 1749 -

695 1817 919 1876 Modum
947 1815 1000 1874 in
1028 1816 1362 1889 propositis:
1387 1815 1736 1896 laudabilius
1762 1815 1853 1874 est
1878 1813 2037 1874 enim

696 1922 792 1980 Uti
815 1921 1070 1994 reliquiis
1097 1921 1178 1994 (si
1202 1922 1533 1994 supersunt)
1558 1921 1821 1994 pessimi.

1312 2065 1551 2072 ..ι-ῥυ*-

512 2187 678 2244 nxnI.
1069 2185 1260 2244 URBS
1298 2183 1391 2242 ET
1433 2181 1763 2241 PULICES.
1888 2193 1893 2198 ’

701 2376 772 2388 -
795 2345 1066 2404 Tnuuuus
1090 2343 1324 2402 Urbem!
1349 2373 1422 2386 —-
1445 2341 1768 2402 clamabant
1797 2340 1869 2399 ab
1898 2339 2075 2400 ariete

705 2452 976 2513 Pulsante
1014 2467 1200 2512 muros
1234 2451 1440 2523 impete
1477 2448 1781 2510 temerario

707 2558 1057 2631 EversioniS,
1093 2560 1286 2618 hostes
1324 2558 1569 2619 fratrum
1604 2558 1851 2619 nomine.

705 2698 774 2709 —
809 2666 972 2725 Cives
1007 2667 1262 2725 tenemus
1283 2699 1355 2709 —
1379 2666 1800 2740 respondebant
1839 2664 2078 2725 aedibus

707 2774 796 2832 Ad
823 2772 1099 2832 obseratis
1135 2772 1354 2848 pulices
1390 2774 1781 2833 incommodae

611 2942 614 2947 ,
706 2880 856 2939 Satis
891 2895 1167 2953 superque
1204 2880 1350 2953 pube
1388 2867 1519 2939 c'um
1555 2877 1927 2953 phalangium

709 2986 1152 3060 sanguinolenta
1174 3018 1245 3029 —
1267 2987 1515 3047 breviter
1540 2987 1599 3045 et
1624 2962 1731 3045 vos
1758 2984 2091 3044 tenebimus·
2118 3013 2187 3029 -ν

524 3254 710 3313 ωηιιΙ.
1023 3252 1362 3311 MYRICAE
1403 3252 1498 3309 ΕΤ
1541 3249 1857 3310 VIMINA.

720 3414 864 3475 Essa
903 3415 966 3473 in
999 3416 1230 3490 myricis
1263 3414 1496 3489 plurimi
1538 3411 1901 3473 consentiunt

719 3523 848 3583 Vim
885 3523 1082 3582 contra
1118 3524 1314 3582 ventos
1351 3522 1751 3596 cujuscumque
1792 3517 2035 3577 flaminis
2052 3560 2081 3585 ,,

720 3629 956 3689 Prorsus
993 3646 1180 3702 carere
1217 3646 1330 3701 qua
1366 3628 1622 3687 videmus
1650 3626 1877 3687 vimina.

719 3736 1034 3809 Exstirpari
1069 3735 1314 3809 myricae
1357 3735 1458 3791 sed
1495 3734 1739 3805 possunt
1774 3732 1951 3790 semel

723 3842 842 3899 Aut
857 3842 1100 3933 0Austri,
1141 3842 1240 3899 aut
1267 3840 1492 3899 Boreae
1529 3837 1922 3912 praepotentis
1947 3837 2191 3911 impetu:

725 3948 1026 4021 Nunquam
1062 3947 1368 4021 viminibus
1407 3944 1737 4010 intercessit
1772 3944 1833 4004 id
1869 3944 2038 4014 mali,
