2996 4935
670 622 757 662 xli

796 734 932 799 Hoc
979 736 1074 799 uti
1121 752 1234 799 vos
1281 736 1535 818 speculo
1582 736 1649 800 in
1692 733 1955 819 specula
2002 736 2335 819 pinnarum
2386 739 2497 799 v'e-

662 864 965 936 strarum,
989 858 1396 944 providentes
1427 861 1569 937 viri,
1595 859 1939 937 hortor‚.et
1958 876 2215 925 moneo:
2251 880 2495 925 meum·-

569 1018 580 1025 ·
661 1006 784 1069 que
815 985 986 1049 hunc
1017 984 1540 1069 qualemcumque
1574 983 1851 1049 libellum
1884 984 2099 1053 defero
2129 984 2209 1051 ad
2244 985 2495 1051 radices

659 1111 872 1195 Titani
904 1111 1168 1187 montiS,
1201 1113 1533 1194 tamquam
1560 1109 1639 1175 ad
1676 1108 2175 1176 fundamentum.
2194 1112 2493 1175 immunis

671 1234 954 1299 omnium
977 1236 1257 1319 partium
1281 1232 1718 1319 Reipublicae;
1751 1237 2121 1301 testimonio
2150 1238 2227 1301 ut
2256 1234 2362 1299 ille
2392 1236 2497 1310 sit,

659 1378 762 1421 me
785 1357 1004 1424 italica
1025 1360 1437 1435 conscientia,
1459 1358 1830 1443 disciplinae
1856 1359 2083 1427 morali
2088 1378 2221 1443 per
2240 1378 2493 1426 omnem

662 1485 865 1549 vitam
890 1483 1192 1549 tribuisse
1223 1482 1392 1567 quod
1423 1482 1636 1560 decet,
1664 1483 2041 1551 inculcando
2062 1483 2233 1567 quod
2254 1488 2357 1549 est
2381 1456 2497 1549 ne-

657 1610 1030 1686 cessarium,
1057 1627 1135 1672 ne
1155 1611 1517 1674 auctoritas
1540 1609 1755 1673 Latini
1788 1609 2063 1675 nominis
2092 1628 2240 1673 cum
2270 1610 2497 1691 aequi-

656 1733 796 1796 tate
818 1731 1228 1815 judiciorum,
1251 1750 1396 1795 cum
1428 1733 1609 1816 apice
1640 1732 1907 1797 Divinae
1937 1732 2317 1816 ReligioniS‚
2348 1750 2493 1799 cum

658 1855 1005 1921 inviolabili
1051 1856 1418 1939 litterarum
1471 1858 1873 1921 humanitate
1898 1914 1905 1923 .
1930 1855 2155 1923 alienis
2200 1856 2495 1923 sordibus

657 1980 1034 2047 obsolescat.
1075 1980 1214 2047 Hoc
1233 1957 1242 1964 ’
1261 1982 1426 2064 siqui
1459 1981 1687 2054 exules
1730 1982 1979 2065 patriae
2010 1980 2292 2049 audeant
2336 1981 2497 2047 ridi-

657 2105 802 2171 eulo
826 2103 1081 2182 habere,
1109 2108 1225 2169 aut
1248 2106 1647 2190 impugnare,
1674 2106 2175 2173 reminiscantur
2197 2108 2491 2171 Tacitum

657 2228 854 2295 verba
884 2228 1222 2297 facientem
1249 2229 1330 2295 de
1359 2232 1827 2326 praeminentia
1850 2231 2176 2295 Romanae
2206 2230 2493 2314 dignita·
2528 2250 2541 2257 ·

657 2356 771 2419 tis:
827 2378 863 2415 «
897 2354 1274 2442 Compayes
1323 2356 1490 2421 haec
1544 2356 2094 2447 octinyentorum
2138 2374 2489 2421 annorum
2580 2382 2591 2391 ·

659 2503 695 2538 «
725 2478 1046 2562 fortuna,
1082 2479 1595 2563 disciplinaque
1626 2481 1911 2557 coaluit,
1970 2499 2147 2566 quae
2198 2481 2494 2548 convelli·

661 2625 694 2656 «
725 2605 879 2668 sine
925 2602 1143 2668 exilio
1187 2603 1714 2678 convellentium
1761 2623 1901 2672 non
1937 2609 2181 2689 potest.
2202 2628 2239 2666 »
2296 2603 2488 2689 (Hist.

652 2727 763 2792 IV.
795 2724 927 2810 74).
961 2727 1258 2791 Orosium
1308 2727 1531 2812 legant
1572 2730 1799 2805 etiam,
1833 2731 1941 2812 qui
1990 2729 2295 2794 barbaros
2334 2749 2493 2794 con-

653 2849 796 2914 silio
839 2855 906 2916 et
933 2870 1130 2935 opera
1161 2851 1454 2918 meliores
1503 2853 1861 2944 rectoribus
1892 2855 2137 2938 imperii
2170 2855 2265 2920 ita
2296 2853 2485 2920 indu-
2590 2909 2597 2912 .

653 2974 746 3037 cit
770 2973 1143 3040 mandantes
1165 2975 1450 3042 Honorio
1474 2979 1864 3061 imperatori.
1899 3001 1934 3038 «
1964 2979 2062 3043 Tu
2086 2997 2243 3044 cum
2266 2981 2491 3043 omni-

660 3123 696 3157 «
725 3099 854 3164 bus
879 3118 1128 3184 pacem
1173 3101 1377 3178 habe,
1428 3103 1870 3186 omniumque
1914 3103 2184 3169 obsides
2228 3096 2485 3185 decipe.
2566 3101 2573 3105 ’

655 3351 818 3394 «tuta.
854 3345 968 3395 Tali
1003 3347 1272 3396 sarebbero
1311 3345 1498 3404 i,felici
1540 3347 1691 3398 effetti
1722 3348 1855 3398 della
1894 3348 2072 3398 liberte
2109 3347 2162 3396 di
2204 3355 2401 3412 stampa
2431 3347 2485 3396 in

573 3471 580 3476 ,
658 3441 684 3467 κ
703 3423 859 3475 Italia.
885 3443 912 3470 κ

749 3499 776 3548 ἁ
793 3504 1012 3554 Possano
1031 3504 1106 3568 gl*
1123 3505 1316 3556 Italiani
1340 3507 1440 3555 mai
1470 3507 1559 3572 piu
1590 3521 1850 3556 conoscere
1881 3506 1952 3570 gl'
1972 3506 2326 3560 innumerevoli
2360 3505 2481 3556 mali

655 3598 682 3626 α
699 3583 790 3632 che
809 3583 907 3632 ella
927 3586 1298 3634 mrrebbe-con
1319 3586 1394 3634 sei
1431 3586 1472 3633 Ε
1506 3583 1547 3635 s’
1566 3585 1664 3649 egli
1686 3591 1715 3634 e
1738 3584 1855 3636 vero
1868 3586 1963 3636 che
1986 3587 2030 3636 le
2052 3586 2224 3636 lettere
2244 3602 2343 3636 non
2366 3601 2481 3650 pos-

657 3677 820 3712 «sono
858 3662 1026 3713 fiorire
1055 3664 1146 3713 che
1177 3671 1305 3714 sotto
1338 3665 1351 3713 i
1386 3666 1492 3714 suoi
1526 3665 1757 3729 auspicii:
1796 3665 1835 3716 s'
1856 3667 1955 3730 egli
1987 3673 2015 3715 e
2054 3665 2359 3730 impossibile
2390 3666 2482 3714 che

653 3757 848 3792 «senza
879 3753 1052 3806 questa
1083 3745 1261 3794 liberta
1291 3743 1324 3793 l'
1343 3745 1488 3796 Italia
1521 3761 1665 3810 pessa
1684 3761 1832 3796 avere
1852 3748 2065 3798 scrittori
2087 3760 2229 3798 come
2258 3747 2481 3800 Johnson

659 3839 684 3866 α
701 3837 731 3870 e
753 3823 1060 3874 Warburton
1072 3861 1085 3885 ‚
1118 3841 1266 3888 possa
1281 3825 1380 3875 ella
1399 3840 1597 3876 essex-ne
1630 3827 1795 3890 priva,
1815 3828 1975 3878 finohe
1992 3828 2275 3880 dureranno
2294 3829 2342 3878 le
2362 3827 2483 3892 Alpi

657 3920 682 3946 «
701 3918 728 3950 e
759 3902 830 3966 gli
865 3897 1136 3966 A'peffnini,
1169 3906 1354 3968 put-che
1375 3904 1427 3954 d'
1445 3904 1576 3954 altra
1608 3915 1747 3970 parte
1768 3923 1877 3960 essa
1910 3923 2007 3957 non
2036 3909 2112 3960 sia
2140 3908 2379 3972 sii-ogiam
2400 3907 2481 3957 dal

661 3999 685 4026 «
703 3991 880 4033 cetera
912 3983 1122 4032 desunt.
1141 4001 1167 4029 »
