2996 4935
467 1930 582 1964 XVI!

1035 616 1110 658 n
1119 615 1403 660 numana
1437 615 1625 658 mmm
1658 616 1773 677 κιρ,

442 761 620 804 unx-
913 758 1130 820 penes
1163 761 1254 818 ΕΤ
1290 759 1412 822 vm
1451 719 1953 838 consuL'A‘fflsJ'

613 889 777 946 Arm)
816 884 1076 960 plebejos
1110 885 1484 956 intercedens
1523 886 1747 961 pacifer

612 975 1032 1036 Demirabatur
1063 975 1396 1038 consularis
1435 976 1527 1034 vir
1564 977 1772 1043 notae,

615 1066 785 1136 Quod
817 1065 1048 1126 minimi
1087 1064 1261 1124 fleret
1293 1068 1496 1138 gestu,
1532 1079 1714 1134 voce,
1756 1064 2016 1140 pondere

615 1155 1022 1224 AuctoritatiS‚
1061 1154 1406 1229 desperatus
1441 1154 1515 1213 ab
1554 1153 1849 1213 omnibus·

610 1245 735 1315 Sic,
777 1248 840 1304 ut
875 1243 989 1302 sibi
1029 1245 1368 1319 prospicere
1408 1243 1660 1304 deberet
1694 1243 1862 1316 ruga,
1944 1283 1949 1288 -

619 1330 696 1391 Et
730 1333 789 1392 in
831 1332 1062 1391 latrinis
1099 1347 1390 1407 quaerere
1431 1332 1961 1406 propugnaculum.
2026 1359 2033 1364 ·

687 1423 838 1480 Haec
876 1425 968 1481 est
1004 1421 1398 1496 quorumdam
1440 1424 1782 1494 temporum
1821 1421 2218 1495 prosperitas,

617 1510 884 1570 Libertas
922 1510 1022 1570 ubi
1061 1511 1305 1571 divertit
1341 1511 1412 1570 ad
1453 1510 1773 1592 licentiam.

619 1601 899 1660 Consulto
935 1615 1170 1674 gemma
1207 1616 1513 1675 nunquam
1556 1599 1858 1660 inducitur
1896 1599 2055 1659 luto:

618 1691 965 1766 Imprudens
1001 1691 1061 1750 id
1098 1693 1198 1784 quui
1239 1691 1438 1763 faciat,
1473 1691 1690 1750 merito
1726 1689 2051 1764 spernitur.

585 1920 642 1962 ¹1·
1101 1925 1279 1984 ALES
1315 1895 1722 1982 FAussmcu'sL
1846 1876 1851 1882 ⁵
1947 1879 1953 1902 ⁵
2046 1883 2051 1889 ’

619 2045 910 2106 HABEBAT
942 2045 1064 2104 >ales
1105 2045 1260 2104 unde
1299 2045 1410 2113 sibi
1449 2061 1593 2120 prae
1632 2047 1847 2105 ceteris

621 2134 946 2205 Gauderet,
981 2148 1117 2195 esca
1151 2135 1298 2199 milii
1335 2135 1619 2208 quottidie
1656 2134 1788 2194 data
1801 2155 1816 2207 ;

620 2225 835 2284 Tamen
863 2223 1186 2297 adpetebat
1223 2225 1492 2283 alienam.
1527 2223 1883 2298 Supervenit

619 2313 765 2374 Hinc
805 2313 940 2374 inde
977 2315 1078 2388 qui
1118 2313 1342 2388 majore
1381 2317 1581 2373 rostro
1618 2313 1871 2385 tolieret,

623 2405 842 2463 Omnes
881 2409 1161 2477 vagantes
1199 2405 1422 2463 faceret
1453 2406 1516 2462 et
1554 2407 1799 2479 propter
1838 2403 2057 2462 cibum.

691 2493 906 2553 Fabula
941 2493 1222 2565 declarat,
1250 2493 1633 2554 invadentem
1676 2495 1945 2569 proxima

619 2584 902 2659 Exemplo
942 2584 1280 2661 praevalere
1317 2583 1683 2655 detestabili,

622 2674 695 2732 Ut
731 2673 990 2747 inquieta
1027 2674 1224 2733 diruat
1261 2674 1577 2733 aemulatio
1688 2671 1693 2679 ‘

622 2762 831 2821 Pacem
871 2762 1062 2824 civilis
1099 2762 1349 2833 ordiniS,
1389 2764 1450 2821 et
1488 2776 1690 2821 rerum
1728 2764 1978 2831 statum,

621 2853 866 2911 Iactura
892 2851 1292 2925 singulorum,
1331 2851 1658 2926 opprobrio
1696 2850 1807 2909 sui.

627 2942 884 3001 canorae
944 2941 1190 3001 'eritatis
1230 2957 1337 3001 nec
1377 2956 1470 2999 me
1508 2940 1767 3014 denudet

624 3028 844 3087 Minimi
884 2951 1166 3179 inxzmeuti
1205 3031 1698 3099 homuncionem,
1738 3028 1963 3088 nemini

627 3118 862 3178 servire
895 3120 1138 3179 scitum
1169 3136 1310 3194 prae
1347 3120 1534 3178 salute
1573 3119 1828 3193 publica.

983 3353 1232 3453 elcERo
1258 3354 1358 3421 ,ΕΤ
1397 3350 1850 3448 APOLLONIUS.

627 3478 896 3537 Mozoms
929 3476 1088 3538 filius
1123 3478 1326 3537 aderat
1357 3476 1707 3553 Apollonius
1959 3549 1965 3558 ἢ

627 3563 734 3626 Ubi
772 3566 1130 3629 declamabat
1167 3569 1444 3643 princeps
1483 3566 1691 3627 Cicero
1732 3564 1955 3639 copiae.
2086 3596 2093 3605 ·

628 3653 966 3717 Laudabant
1002 3658 1234 3732 plureS‚
1272 3657 1369 3719 hic
1408 3657 1715 3719 moerebat
1750 3654 2003 3714 invidus.

629 3744 866 3805 Moleste
903 3746 959 3805 id
997 3748 1151 3806 ferre
1191 3749 1422 3807 Cicero:
1461 3746 1566 3805 sed
1606 3745 1955 3821 Apollonius

629 3834 864 3895 Talibus
901 3839 1198 3895 occurrit:
1235 3868 1308 3878 —
1340 3838 1465 3909 Ego
1504 3836 1745 3911 quidem
1784 3851 1919 3896 cum
1958 3836 2171 3895 ceteris
2240 3826 2245 3831 ’

631 3928 833 3996 Facio,
871 3928 1028 3985 tuam
1066 3927 1316 3986 miratus
1351 3926 1765 4001 eloquentiam.

631 4017 846 4075 Tamen
883 4015 1134 4090 expilata
1173 4017 1446 4076 misereri
1483 4016 1557 4075 de
1596 4016 1840 4075 Graecia

635 4106 840 4165 Coram
881 4108 968 4178 te,
1005 4107 1194 4167 Marce
1233 4107 1414 4177 Tulli,
1453 4106 1953 4167 succurritmihi.

2252 608 2321 658 57
