2996 4935
733 552 796 601 la

701 2134 808 2175 xxI.

1395 559 1432 599 A
1443 586 1452 596 .
1495 558 1543 600 C.
1582 558 1873 602 FERRucci
1878 562 1899 601 1

865 649 1150 709 Ridebant
1183 650 1242 708 et
1281 649 1434 709 hunc
1473 654 1719 709 comites
1758 651 1999 711 alterius
2036 654 2223 711 notae.

859 739 1106 799 Humilis
1138 739 1239 799 sed
1279 738 1399 797 ille:
1437 734 1508 783 -'-
1544 743 1889 814 'temperate
1928 754 2061 812 VOS,
2094 742 2201 809 alt,

858 828 1115 905 Animis,
1154 831 1215 887 et
1249 828 1561 889 observate
1598 844 1777 903 quem
1818 830 1993 889 tinem
2034 832 2199 905 parat

856 920 1072 978 Natura
1103 918 1246 977 satis
1281 917 1557 992 explicita
1598 920 1792 989 vobis,
1830 922 1893 978 et
1928 920 2104 992 mihi3

855 1008 925 1067 Ni
959 1012 1118 1067 Deus
1157 1008 1390 1067 intersit
1429 1008 1827 1083 propitiabilis
1865 1012 2032 1074 mari.

851 1097 1148 1157 Debemur
1182 1110 1390 1157 omnes
1425 1098 1633 1169 morti,
1670 1098 1775 1157 sed
1814 1100 2023 1158 mortis
2060 1114 2246 1173 genus

853 1190 958 1247 Est
993 1186 1429 1261 deprecandum
1471 1187 1761 1247 violentae
1800 1189 2131 1261 naufragio,

854 1276 1020 1349 Quod
1059 1292 1174 1335 non
1217 1277 1436 1335 timetis
1473 1290 1606 1347 νος,
1646 1278 1736 1335 vel
1776 1278 1941 1351 parvi
1980 1277 2199 1338 ducitis

849 1367 990 1428 Male
1027 1365 1390 1443 confidentes
1426 1366 1757 1437 machinae,
1799 1367 2109 1441 plusquam
2146 1370 2281 1427 Deo.
2322 1369 2413 1441 (ἢν)

917 1455 1207 1515 Sublimes
1247 1454 1564 1529 injustitiae
1603 1458 1743 1514 sunt
1782 1457 1938 1514 enim
1978 1456 2171 1515 virum

848 1546 1174 1612 conventu,
1201 1516 1408 1601 rerum
1439 1545 1501 1602 et
1528 1558 1780 1617 operum
1806 1558 2215 1619 quaecumque
2239 1547 2523 1619 superant

847 1633 916 1692 Vi
955 1632 1044 1691 vel
1084 1633 1392 1706 portent03
1431 1646 1565 1691 nam
1604 1632 1897 1707 superbos
1936 1632 2219 1704 efferunt,

847 1723 1120 1781 Licenler
1153 1721 1462 1796 expeditos
1500 1723 1560 1781 et
1594 1722 1817 1781 faciunt
1854 1725 2043 1793 metu,
2083 1776 2090 1783 .

846 1809 1299 1885 Habenas·quos
1336 1810 1541 1870 audire
1580 1811 1695 1869 fert
1732 1811 2051 1870 necessitas

848 1902 1013 1961 Vitae
1052 1900 1245 1959 civilis
1285 1914 1395 1975 pro
1433 1900 1621 1961 salute
1662 1901 1912 1976 publica.
1949 1932 2020 1945 --

1116 2132 1128 2197 ⁸,
1195 2135 1575 2194 AMARITIES
1606 2136 1695 2191 ET
1725 2136 2063 2193 DULCEDO.

842 2258 945 2330 Qui
985 2258 1052 2316 ῆι
1088 2261 1153 2317 ut
1191 2259 1249 2315 in
1289 2270 1491 2314 amore
1528 2255 1685 2325 quod
1722 2259 1813 2315 est
1849 2256 2233 2316 desiderabile

835 2348 1188 2418 Plerumque
1226 2345 1440 2403 amaris
1478 2358 1542 2402 se
1580 2344 1679 2402 det
1716 2346 2178 2405 circumstantiis

835 2433 1214 2493 nabendum?
1253 2432 1432 2492 Dulce
1470 2432 1843 2494 involucrum
1869 2433 2177 2495 abscondit
2203 2435 2503 2510 pharmaci

838 2524 1092 2583 Salutem
1131 2521 1344 2595 ingrati
1382 2524 1623 2596 propter
1660 2523 2138 2584 amaritudinem:
2270 2597 2281 2606 ο

835 2613 939 2672 Hie
975 2613 1208 2686 assequi
1248 2612 1406 2686 quod
1445 2612 1697 2687 placeat,
1736 2628 1769 2672 a
1807 2615 2107 2672 contrario
2144 2617 2250 2674 est.

833 2706 1016 2762 Soror
1056 2705 1100 2762 it
1134 2703 1370 2762 Amoris
1407 2717 1517 2777 per
1554 2705 1757 2762 coetus
1797 2702 2136 2763 mortalium

832 2793 1064 2851 Patiens
1101 2792 1352 2852 Libitina
1391 2791 1669 2867 precibus
1706 2793 1897 2866 optari
1936 2793 2037 2853 diu

833 2881 962 2939 Non
1001 2881 1292 2940 exauditis
1308 2881 1560 2950 ,landem
1600 2881 1774 2954 digna
1811 2882 2181 2942 merentibus

831 2968 1185 3029 Retribnens
1218 2985 1254 3028 a
1291 2969 1599 3029 dulcedlne
1636 2969 1765 3042 piae
1804 2971 2141 3031 memoriae.

1267 3203 1568 3263 MEDICUS
1606 3204 1963 3263 LETHALIS.

827 3331 1083 3386 LoNoAM
1121 3327 1446 3400 occupabat
1483 3341 1695 3401 pompa
1732 3327 1997 3385 funebris
2038 3329 2219 3396 viam,

829 3419 1086 3488 Sequace
1125 3415 1284 3474 luctu
1323 3429 1722 3474 convenarum
1762 3415 2017 3474 maxima

829 3503 1176 3564 celebritate
1213 3519 1347 3564 cum
1387 3504 1543 3565 ceris
1582 3503 2037 3572 flammantibus,

827 3597 1081 3654 servans
1119 3595 1437 3654 fenestram
1475 3595 1742 3656 medicus
1778 3597 2293 3669 prospectantium

825 3683 1355 3746 moerorem-verbi
1395 3688 1577 3746 vertit
1614 3685 1672 3744 in
1712 3686 1901 3745 risum
1938 3699 2115 3746 sono:

827 3805 896 3816 --
933 3775 1077 3834 Huic
1113 3789 1225 3848 ego
1261 3775 1569 3846 medebar,
1607 3776 1805 3835 efferri
1846 3791 2021 3850 quem
2050 3779 2348 3837 mortuum

797 3973 851 4024 (·)
883 3970 1160 4026 Sacrificate
1190 3974 1482 4028 sacrificium
1502 3973 1751 4028 justitiae,
1782 3976 1825 4020 et
1854 3959 2043 4031 sperate
2061 3973 2122 4087 lin
2155 3971 2373 4088 Domigw.

1940 4047 2058 4100 (Psa
2082 4075 2093 4087 .
2125 4055 2187 4088 iv.
2218 4057 2264 4092 υ.
2323 4048 2373 4098 .),
