2996 4935
1261 646 1542 690 senonici.
1826 707 1835 726 Ι
2238 622 2309 679 39

605 762 882 829 Quattuor
912 760 1040 819 ante
1063 760 1249 819 focum
1277 759 1581 818 concordes
1607 757 1798 815 vivere
1825 757 1997 817 miror
2013 799 2027 827 ,

579 865 592 878 '
669 866 975 925 Mobilibus
999 864 1144 923 fusis
1171 865 1484 939 exspoliare
1506 865 1687 934 colos3

601 971 824 1031 Vellera
845 972 1103 1030 lanarum
1129 971 1380 1031 conferre
1405 971 1669 1029 decenter
1690 970 1751 1027 in
1776 976 1975 1041 unum,

671 1079 824 1147 Quae
849 1078 970 1136 sint
993 1078 1226 1137 alterius
1255 1077 1468 1137 ductile
1491 1076 1637 1135 lucis
1660 1092 1825 1149 opus:

600 1185 784 1245 Audio
808 1200 970 1243 mane
993 1200 1136 1245 novo
1160 1198 1513 1258 praesumere
1538 1192 1713 1257 pensa
1736 1185 2020 1242 canentes.

672 1292 924 1351 Accedat
951 1292 1190 1351 thalami
1211 1292 1308 1364 qui
1333 1292 1471 1349 velit
1493 1308 1616 1351 esse
1644 1306 1823 1350 comes

605 1397 786 1455 Unius
809 1399 878 1455 et.
895 1397 1123 1471 conju13
1149 1413 1316 1470 quam
1341 1412 1507 1457 scena
1536 1395 1844 1455 domestica
1868 1395 2113 1469 praefert

667 1506 906 1575 Pacem,
931 1505 1256 1577 intercipiet
1279 1505 1520 1564 motibus
1549 1504 1793 1563 invidia:

599 1599 876 1680 Quattuor
897 1610 1138 1671 interius
1162 1612 1422 1669 turbatus
1445 1613 1504 1669 et
1529 1611 1665 1671 ordo
1688 1624 1940 1669 sororum

677 1719 978 1789 Ostendet,
1004 1718 1202 1777 Furias
1225 1721 1342 1776 tres
1367 1735 1655 1791 superesse
1680 1717 1848 1778 domi.

490 1988 647 2045 11111.
901 1944 1330 2045 menemus
1378 1986 1475 2044 ET
1527 1985 1860 2045 PHRYNE.

606 2147 940 2205 erzntnns
968 2144 1150 2203 voluit
1172 2144 1436 2217 Phrynen
1461 2144 1791 2203 convincere
1816 2144 2039 2219 lingua,

683 2251 902 2312 Virtuti
923 2253 990 2307 ut
1013 2251 1175 2309 fieret
1189 2293 1204 2322 ,
1226 2249 1593 2325 justitiaeque
1619 2250 1797 2308 locus,

605 2350 802 2420 Coram
820 2358 1108 2432 judicibus
1138 2358 1419 2431 patefacta
1444 2356 1545 2415 sed
1567 2356 1673 2416 illa
1695 2356 1881 2431 figura

679 2464 966 2540 CorporiS,
996 2466 1052 2524 et
1074 2464 1284 2526 formae
1308 2464 1488 2524 sidere
1506 2507 1521 2536 ,
1545 2463 1667 2524 visa
1694 2464 1813 2524 Dea
1836 2464 1939 2524 est.

605 2576 765 2633 Mens
788 2575 846 2632 et
869 2575 1044 2638 Amor
1070 2575 1182 2633 duo
1210 2576 1372 2645 sunt,
1393 2587 1536 2645 quos
1560 2571 1610 2630 si
1636 2587 1965 2632 concurrere
1988 2572 2049 2630 in
2078 2587 2249 2630 unam

679 2681 763 2738 Sit
781 2681 1027 2760 speciem
1043 2723 1059 2752 ‚
1086 2681 1344 2754 stupidus
1370 2681 1436 2738 fit
1461 2680 1574 2752 vir,
1599 2680 1657 2737 et
1680 2695 1771 2740 ore
1798 2680 1970 2740 tacet..

489 2965 582 3006 xv.
915 2945 1284 3005 SOORATES
1337 2947 1436 3006 ΕΤ
1473 2946 1891 3006 ΤΗΕΟΒΟΤΑ.

613 3109 955 3166 Βοσωτισοε
981 3105 1266 3164 Theodota
1291 3106 1482 3164 oculos
1509 3106 1757 3177 potuisse
1782 3106 1987 3164 morari

682 3213 904 3271 Dicitur
927 3229 962 3270 a
985 3213 1160 3271 forma
1183 3211 1443 3284 pectoris.
1457 3209 1756 3283 amplifica.

613 3320 866 3380 Palladis
891 3321 1032 3380 haec
1054 3320 1180 3377 laus
1208 3320 1326 3390 est,
1349 3317 1410 3376 in
1437 3317 1782 3390 concilioque
1808 3317 2046 3377 Dearum

687 3429 878 3486 Prima
901 3429 1074 3486 tenet.
1100 3458 1174 3470 —
1195 3427 1304 3485 Sed
1325 3442 1478 3485 amor
1503 3425 1727 3499 pectore
1761 3424 2076 3497 concipitur
2092 3467 2107 3494 ‚

614 3536 789 3595 Corde
819 3537 1020 3606 alitur,
1042 3536 1286 3594 mentem
1307 3541 1374 3593 ut
1397 3535 1641 3595 stimulis
1664 3535 1912 3594 incessat
1936 3533 2145 3607 opertis
2159 3576 2174 3602 ‚

689 3645 962 3718 Erumpat
986 3644 1224 3703 fla'mmis
1248 3643 1487 3715 denique
1513 3643 1820 3702 nobilibus

617 3753 872 3810 Flamma
895 3751 1062 3820 salit,
1089 3750 1407 3822 chartisque
1432 3750 1589 3809 volat
1613 3749 1873 3823 paritura
1895 3748 2275 3808 Petrarcham.

686 3859 875 3919 Sicubi
901 3859 1225 3937 descendat,
1255 3858 1321 3916 fit
1345 3857 1529 3916 cinere
1554 3860 1682 3917 usta
1709 3855 1843 3915 filix.
1872 3890 1941 3901 —
