2996 4935
1181 571 1496 618 xps-nunu.
2184 561 2254 618 79

552 671 695 727 Nam
734 666 909 726 nullis
947 679 1160 740 operae
1197 661 1430 725 meritis
1467 667 1582 726 fert
1616 639 1885 726 machina
1923 681 2161 742 verum3

623 757 699 814 Et
730 767 940 814 sensus
977 755 1103 813 veri
1141 754 1254 814 sub
1291 756 1519 814 ratione
1557 757 1726 830 perit.

413 899 552 941 xvn1.
1189 897 1482 956 PALMA.

553 1027 732 1092 Qum
769 1021 924 1080 bona
959 1021 1244 1096 respiciat
1281 1021 1545 1091 fortuna,
1582 1021 1817 1081 videtur
1855 1023 1911 1080 in
1950 1015 2112 1082 Orbe'

621 1109 726 1168 Hic
761 1109 975 1182 dignus
1012 1110 1240 1182 magnis
1278 1109 1485 1180 rebuS,
1524 1113 1584 1168 et
1622 1110 1889 1184 imperio.

553 1201 662 1258 Fac
701 1200 920 1268 teneat,
959 1198 1274 1272 sedeatque
1315 1201 1441 1257 rota
1481 1197 1752 1257 sublimis
1766 1218 1782 1270 ;
1817 1191 2017 1258 eadem

622 1287 958 1346 Declinante
996 1286 1194 1356 cadet,
1233 1274 1657 1362 praecipitante
1696 1289 1845 1346 ruet.

549 1377 776 1450 Pauper
812 1376 998 1448 serpit
1034 1372 1225 1444 humi,
1263 1370 1613 1448 quandoque
1654 1375 1874 1436 intrare
1910 1371 2147 1434 coactus

622 1465 749 1536 lpse
788 1461 1038 1522 informe
1075 1463 1291 1532 lul-um,
1329 1463 1729 1538 divitibusque
1770 1463 1974 1540 premi.

553 1552 876 1611 conciliare
913 1552 1104 1610 solum
1141 1551 1252 1610 sibi
1287 1553 1456 1626 ‚curis
1497 1556 1638 1611 tunc
1676 1555 1832 1611 amat
1871 1553 1992 1623 ille,

623 1642 823 1699 Cultor
857 1643 918 1699 et
953 1642 1273 1714 essespei,
1314 1655 1462 1714 quae
1501 1642 1612 1699 sub
1649 1645 1841 1700 aratra
1880 1641 2031 1700 latet.

553 1729 717 1800 Quod
755 1729 865 1788 nisi
901 1730 986 1788 sic
1025 1729 1215 1796 faveat
1251 1743 1412 1801 sorS,
1453 1733 1518 1788 ut
1557 1725 1658 1788 det
1683 1725 1925 1801 habere,
1954 1729 2185 1806 sepulto

621 1815 1220 1888 Semine'l'undatum,
1260 1834 1380 1892 quo
1415 1819 1566 1880 bene
1604 1821 1793 1894 possit
1828 1821 1928 1891 ali,

548 1907 848 1966 Parceuclo
883 1905 1155 1966 manibus
1192 1906 1273 1964 nil
1316 1910 1537 1978 cessat,
1576 1911 1643 1967 ut
1678 1910 1796 1966 otia
1833 1901 2113 1984 spernat}

616 1999 680 2055 In
719 1993 912 2054 stadio
947 1997 1100 2054 vitae
1137 2009 1244 2053 nec
1284 1994 1557 2058 videatur,
1588 1997 1759 2054 iners.

549 2085 753 2144 Nescia
791 2086 876 2143 sic
911 2081 1068 2142 flecti
1109 2083 1220 2143 sub
1261 2079 1519 2157 pondere
1560 2085 1751 2158 palma
1793 2085 2043 2155 resistit,

618 2174 700 2232 Ut'
727 2171 807 2232 sit
842 2176 898 2232 iu
939 2173 1302 2245 exemplum,
1341 2172 1743 2247 duritiemque
1784 2171 2007 2247 probet.

549 2264 736 2322 Testis
773 2257 1040 2337 mai-tyrii
1081 2257 1270 2337 palma
1305 2264 1419 2330 esi,
1461 2262 1647 2334 magis
1686 2262 1838 2321 edila
1880 2263 2070 2333 lauro,

616 2355 760 2410 Esse
797 2351 1173 2425 triumphalis
1211 2365 1360 2425 quae
1401 2351 1529 2410 sine
1567 2351 1741 2410 caede
1781 2353 2003 2424 nequit.

547 2429 834 2501 Interiore
873 2439 990 2499 illic
1029 2439 1430 2499 moderamine
1469 2441 1812 2515 comprimit
1849 2440 1997 2501 iram

615 2534 834 2590 Laesus
870 2530 1058 2589 homo⁸
1085 2530 1269 2601 fastu,
1309 2533 1598 2604 temperat
1636 2532 1811 2605 atque
1851 2529 1962 2589 sibi

549 2624 698 2679 Ante
735 2620 1052 2694 locupletes
1067 2640 1084 2690 3
1119 2634 1255 2688 nec,
1295 2619 1344 2677 si
1383 2621 1564 2694 sapit,
1604 2620 1827 2678 invidet
1864 2620 2027 2694 ipsis,

614 2712 744 2769 Mox
783 2710 1124 2783 quadrigam
1165 2708 1344 2767 animi
1383 2706 1660 2768 sensibus
1700 2710 1956 2784 oppositi

547 2801 804 2871 Torquet
839 2798 911 2858 ab
952 2794 1205 2869 indignis
1245 2796 1567 2871 rebusque,
1606 2798 1937 2873 opibusque
1976 2800 2173 2857 vocari

613 2886 860 2945 Felices:
900 2886 1119 2944 etenim
1159 2900 1300 2944 cura
1332 2890 1637 2960 superstes
1677 2884 1873 2955 obest,

453 2969 459 2975 “
545 2974 884 3049 Iudicioque
923 2978 1081 3033 vetat
1117 2974 1376 3033 fraudari
1416 2990 1557 3033 vera
1596 2976 1857 3033 sinistro.

502 3068 506 3075 ·
614 3062 787 3122 Dives
827 3063 1135 3137 pervigilat
1171 3066 1372 3132 nocte,
1413 3063 1644 3137 sibique
1684 3064 1867 3122 timet.

545 3152 770 3226 Pauper
806 3152 984 3211 homo
1020 3152 1204 3225 paciS,
1243 3150 1656 3226 libertatisque
1695 3150 1805 3209 sub
1845 3150 2053 3209 umbra

616 3243 866 3299 Securos
904 3254 1145 3299 somnos
1181 3239 1252 3313 (si
1298 3240 1590 3311 patienter
1626 3240 1780 3312 agat)

541 3330 740 3399 Ducit,
766 3332 824 3388 et
847 3330 1137 3391 antevolat
1163 3343 1269 3403 spe
1300 3329 1462 3402 quod
1489 3328 1737 3388 caeleste
1769 3325 2036 3387 futurum
2062 3331 2183 3399 est,

614 3421 931 3478 Aeternum
969 3420 1027 3477 et
1065 3433 1275 3491 regno,
1313 3419 1446 3492 post
1483 3416 1615 3476 data
1656 3430 1834 3490 pensa
1871 3419 2089 3476 Crucis

545 3510 910 3578 Argumenta
949 3522 1096 3566 cano
1137 3508 1354 3566 virtute
1392 3508 1601 3566 retrila
1639 3506 1893 3577 ferendi,
2051 3521 2058 3528 ·

613 3597 761 3655 Viva
798 3595 1000 3656 labore
1036 3598 1262 3667 tamen,
1302 3612 1412 3655 nec
1451 3597 1716 3671 peritura
1752 3594 1883 3654 fide.

409 3739 563 3818 mni.
1156 3741 1519 3798 1Nv1n1A.

545 3846 848 3903 vannus
885 3845 1100 3908 invidia
1139 3848 1230 3904 est
1267 3846 1609 3920 peregrina,
1648 3846 1706 3904 et
1730 3846 1980 3921 suspicit
2004 3846 2161 3916 illos,

534 3935 880 4014 lusignes
919 3936 1148 3993 meritis
1185 3936 1284 4009 qui
1326 3938 1567 3993 tenuere
1608 3933 1767 4007 Juga.

543 4012 745 4097 Saepe·
759 4024 1132 4091 intercedunt
1168 4023 1440 4096 nebulae,
1479 4020 1696 4097 quibus
1732 4022 1927 4083 abdita
1954 4023 2171 4082 frustra

615 4114 860 4172 Exacuit
897 4113 1136 4183 dentes,
1177 4128 1282 4172 nec
1325 4113 1523 4171 minus
1561 4112 1686 4192 ipsa
1727 4112 1915 4192 latrat.
