2996 4935
1256 590 1529 633 unusual.
2237 575 2305 629 53

611 704 782 762 Lacte
819 701 1198 772 interdicunt,
1235 701 1308 759 ad
1345 702 1554 773 pabula
1592 699 1799 773 migret
1828 700 1899 757 'ut
1936 702 2090 773 ipsa,

679 809 1121 881 Praevertatque
1157 822 1318 865 suam
1353 805 1496 875 vim,
1534 805 1775 863 rationis
1810 822 2003 879 egens.

607 914 746 983 Quis
783 914 978 973 furor?
1016 915 1079 971 ut
1109 912 1340 971 summis
1378 909 1680 985 peregrina
1714 910 1955 970 scientia
1986 912 2162 970 labris

676 1020 957 1089 Haereat,
991 1020 1093 1078 aut
1126 1019 1476 1078 stomachum
1514 1017 1687 1077 cruda
1719 1016 1913 1076 labore
1950 1020 2183 1090 premat.

606 1127 891 1187 Frustrari
927 1128 1130 1185 eventu
1167 1126 1228 1183 in
1264 1125 1487 1197 studiis,
1526 1125 1669 1185 nihil
1704 1141 1840 1199 ergo
1877 1124 2177 1209 dolenduin
2206 1127 2323 1195 est,

676 1233 960 1307 Oppi-essa
994 1233 1226 1309 injustis
1262 1233 1517 1293 fascibus
1551 1232 1801 1307 ingenia.

604 1339 766 1408 Quod
799 1339 1012 1413 petiere
1047 1339 1246 1399 tenent
1279 1356 1317 1398 a
1351 1338 1621 1413 praecoce
1656 1336 1824 1397 laude
1859 1337 2150 1411 magistri,

673 1446 900 1505 Sumere
936 1445 1244 1520 primitias,
1282 1446 1446 1519 fruge
1483 1461 1671 1505 carere
1704 1444 1891 1505 simul.

371 1726 382 1736 ,
487 1699 685 1741 xxxxv.
1083 1686 1186 1744 AD
1225 1683 1713 1744 MATURINUM.

607 1825 774 1882 Ama
799 1840 964 1885 snum
989 1825 1209 1901 tempus
1233 1826 1384 1899 quod
1407 1842 1515 1900 ego
1538 1842 1665 1885 mea
1687 1826 1903 1901 scripta
1927 1828 2187 1901 typorum

677 1930 918 2003 Vulgari
943 1933 1187 1991 metuam
1205 1932 1361 2006 jure,
1385 1947 1661 2005 operaque
1676 1973 1692 2003 ,
1716 1932 1889 1991 doles.

607 2036 645 2093 J
647 2052 714 2095 us
736 2038 904 2095 necat
927 2036 1201 2107 audaces,
1225 2038 1579 2108 praevertere
1600 2037 1702 2109 qui
1724 2036 1871 2095 male
1896 2036 2136 2095 tendunt
2204 2114 2214 2123 ·

675 2141 714 2199 J
716 2142 964 2200 udicium
988 2140 1062 2199 >«ie
1087 2157 1148 2201 se
1171 2140 1505 2215 posteritate
1529 2140 1731 2199 ratum.

606 2247 838 2306 Utilitas
862 2247 1028 2307 libris
1050 2248 1279 2305 induxit
1300 2263 1444 2321 pene
1468 2246 1713 2306 furorem

674 2356 795 2427 Sic,
823 2356 888 2413 ut
917 2355 1025 2414 emi
1050 2355 1282 2428 cupiant
1304 2356 1582 2428 partubus
1604 2355 1857 2429 ingenia.

603 2461 714 2521 Sed
737 2461 888 2536 quod
911 2462 1142 2535 ematur,
1173 2462 1344 2523 habet
1364 2464 1494 2536 post
1517 2462 1707 2536 paullo
1732 2460 1991 2544 venditor
2014 2461 2165 2522 ullus

674 2571 922 2630 Suminis
936 2613 952 2643 ,
977 2577 1145 2645 atque
1173 2572 1325 2646 gari,
1349 2587 1586 2644 moxque
1611 2571 1824 2630 latrina
1848 2574 2030 2632 vorat.

603 2677 692 2735 An
717 2692 832 2737 non
855 2693 1038 2752 grana
1060 2679 1233 2752 tegit,
1251 2677 1349 2750 qui
1375 2679 1647 2751 seminat,
1666 2678 1823 2736 intus
1846 2680 1905 2738 et
1928 2678 2105 2748 abdit,

671 2783 996 2842 Cunetando
1019 2783 1284 2843 eveniant
1314 2784 1381 2840 ut
1404 2783 1547 2842 bene
1572 2800 1758 2842 mense
1782 2784 1928 2843 suoi

604 2888 860 2946 Maturus
871 2888 1108 2960 ,prodire
1132 2888 1298 2958 volo;
1333 2889 1466 2948 dare
1491 2905 1687 2961 meque
1712 2890 1971 2964 sepulcro

675 2992 803 3054 Non
829 2992 1049 3064 dubito,
1070 2993 1138 3052 ut
1158 2993 1344 3052 vivam
1367 2995 1498 3065 post
1520 3010 1646 3054 mea
1668 2995 1791 3056 fata
1817 2997 2010 3054 redux.

484 3233 717 3295 xxxva.
1007 3229 1491 3300 EXEQUIALIA
1530 3232 1765 3290 VATIS.

603 3374 810 3433 Rumon
845 3373 918 3434 ab
953 3372 1204 3446 exequiis
1239 3374 1302 3432 in
1338 3373 1535 3434 funere
1570 3373 1750 3445 vatis,
1786 3375 2025 3434 habetur

675 3481 896 3541 Indicio
934 3482 1144 3554 famae,
1179 3497 1322 3555 quae
1359 3498 1653 3556 superesse
1689 3483 1851 3554 velit,

603 3589 788 3659 Atque
826 3587 1078 3660 domare,
1113 3589 1224 3646 fide
1257 3590 1515 3648 mansuri
1550 3588 1846 3660 carminis,
1884 3604 2090 3650 annos:

676 3693 835 3762 Quod
872 3693 984 3753 sibi
1020 3695 1211 3754 deberi
1247 3695 1486 3766 quisque
1522 3699 1689 3768 poeta
1723 3697 1903 3770 putat.

603 3800 709 3860 Sed
747 3815 902 3861 raros
937 3800 1187 3860 tenuisse
1223 3800 1429 3873 liquet3
1465 3801 1603 3874 quia
1639 3819 1769 3862 rara
1803 3804 2014 3876 pudore

677 3907 830 3966 Laus
863 3908 979 3977 est,
1017 3906 1316 3968 blanditiis
1353 3909 1412 3966 et
1447 3909 1635 3969 minus
1672 3926 1853 3982 aequa
1887 3911 2063 3984 lyrae.
