2996 4935
1128 657 1134 662 ·
1157 650 1513 693 visetenim.
2168 631 2237 690 27

608 761 752 818 Dum
777 733 950 840 yerbe
975 763 1209 820 faceret:
1235 761 1402 833 atque
1433 761 1522 834 (ut
1546 761 1741 820 horum
1768 761 1857 818 est
1882 773 2182 833 corporum-

609 869 967 941 Plerumque)
996 868 1241 927 habebat
1265 868 1507 925 animum
1540 868 1762 938 pectore
1787 866 2045 926 nobilem.

607 975 752 1036 Acer
773 975 868 1033 hic
891 973 1122 1048 ingenio
1145 974 1386 1046 protulit
1407 973 1515 1031 has
1544 972 1797 1046 argutias

610 1080 806 1140 Coram
832 1083 1112 1153 praetore,
1137 1080 1484 1154 suffragante
1512 1079 1671 1138 curia
1688 1123 1704 1152 ,

621 1186 786 1260 (Erat
809 1189 1082 1260 patronus
1107 1193 1239 1246 n'am
1261 1186 1595 1261 probabilis)
1615 1207 1631 1244 ε
1655 1217 1723 1234 -
1752 1185 2027 1257 Equidem

607 1291 892 1365 Impedior
915 1293 1086 1366 gibba
1101 1333 1118 1364 ,
1141 1293 1440 1365 quominus
1461 1293 1569 1351 sim
1595 1295 1813 1352 rectus:
1840 1291 2095 1363 quolibet

609 1398 790 1471 Magis
813 1398 1054 1458 obelisco
1077 1401 1316 1458 mentem
1343 1399 1442 1458 sed
1465 1401 1677 1457 rectam
1702 1415 1835 1472 gero

611 1504 721 1564 Hic
745 1505 920 1564 intus.
945 1505 1121 1564 Nemo
1147 1521 1422 1580 gemmam
1452 1505 1689 1566 inclusit
1712 1505 1877 1564 dolio.
1906 1537 1976 1547 —

421 1741 611 1830 1}an
979 1769 1248 1829 Aemus
1285 1769 1380 1828 ET
1415 1769 1683 1830 numo.
1724 1739 1729 1752 '

611 1929 683 1986 In
717 1929 1074 2001 sterquilinio
1097 1931 1490 1990 semimortuus
1520 1931 1717 1990 asinus

612 2036 652 2094 J
655 2051 741 2095 am
771 2035 995 2094 tandem
1017 2036 1250 2110 injustis
1274 2039 1613 2096 exoneratus
1638 2037 1887 2096 sarcinis

615 2144 656 2202 J
657 2144 877 2214 scebat,
901 2143 1084 2202 fatum
1105 2143 1251 2201 liber
1275 2146 1338 2202 ut
1367 2144 1549 2202 obiret
1572 2160 1751 2202 suum.

615 2249 867 2309 Moestus
891 2249 1140 2322 agitator
1163 2249 1284 2323 ejus
1310 2266 1346 2308 a
1369 2250 1525 2308 calce
1552 2251 1819 2321 properat
1900 2299 1907 2306 .

615 2355 760 2414 Dum
791 2355 1002 2414 ferrum
1029 2371 1220 2414 eruere
1248 2355 1460 2428 forcipe
1491 2335 1722 2426 adacta,
1750 2355 1985 2428 pertulit

613 2461 743 2522 Ictu
767 2461 954 2535 feriri,
977 2462 1300 2523 testamenti
1325 2463 1424 2537 qui
1447 2463 1573 2523 loco
1837 2526 1843 2531 ᾗ

617 2568 811 2628 Esset:
837 2584 1072 2643 namque
1099 2585 1270 2629 manu
1293 2569 1485 2630 laesus
1509 2572 1631 2642 est,
1656 2570 1722 2627 ut
1744 2570 2007 2628 memoria

611 2675 801 2736 Fieret
825 2676 1095 2737 diuturna
1121 2676 1397 2749 comparis
1423 2677 1597 2744 vitae,
1626 2692 1691 2735 ac
1728 2676 1875 2734 viae.

423 2937 612 2996 mul.
874 2938 1360 3001 ADULA'roREs
1399 2905 1492 2997 Εἰἑ
1526 2939 1791 2998 snnnx.

615 3098 928 3163 Pnormotn
947 3099 1008 3157 et
1032 3099 1196 3157 amici
1223 3099 1379 3159 senio
1405 3099 1718 3172 proximum
1742 3099 1923 3159 virum

611 3204 1120 3277 Constimulabunt‚
1147 3208 1214 3263 ut
1235 3205 1625 3279 quodcumque
1650 3206 2001 3278 supellectile

617 3311 786 3371 Esset
807 3312 1138 3382 obsoletum,
1171 3316 1494 3373 renovarett
1518 3312 1605 3371 sic
1634 3314 1693 3371 et
1720 3312 1837 3371 situ

611 3418 870 3491 Deterso,
895 3420 1153 3495 argutias
1179 3436 1404 3493 operum
1431 3418 1703 3479 exhibens
1734 3417 1931 3479 domus

613 3524 804 3599 Digna
825 3526 1113 3588 videretur
1135 3526 1358 3588 domino
1383 3542 1537 3586 nunc
1560 3528 1731 3587 etiam
1756 3542 1873 3587 suo.

614 3664 686 3675 —
708 3632 858 3691 Male
881 3650 966 3692 me
997 3635 1261 3705 tentatis,
1287 3633 1432 3693 dixit
1453 3634 1575 3705 ille,
1602 3633 1819 3693 aculeis

619 3738 904 3799 Orationis
929 3738 990 3799 in
1003 3722 1074 3800 're
1100 3734 1346 3813 privata.
1374 3740 1551 3799 Decet

612 3844 754 3905 Sene
783 3860 908 3905 cum
929 3846 1136 3905 canuto
1161 3860 1558 3907 consenescere
1582 3859 1711 3907 nam
1734 3862 1854 3907 sua.
1882 3879 1949 3891 -
