2996 4935
645 578 664 617 1
673 574 710 611 V

774 684 1164 768 Quicumque
1211 686 1397 751 hodie
1430 686 1785 771 originibus
1820 686 2189 765 verborum,
2225 690 2375 753 item
2412 690 2479 749 et

644 827 855 871 rerum
906 810 1270 893 retegendis
1314 810 1472 876 dant
1518 788 2135 896 operamsdoctrina
2180 810 2478 897 progredi

639 933 790 997 (lum
816 931 1222 1017 profitentur,
1239 934 1584 1001 manifesto
1613 943 2005 1021 regressu'se
2029 907 2285 1002 fallunt.
2308 935 2476 1000 Pro-

580 1032 604 1039 *
640 1050 838 1121 deunt
869 1060 1036 1122 enim
1065 1060 1375 1125 exsiccati
1407 1065 1474 1125 et
1505 1060 1668 1124 aridi
1701 1060 1780 1127 ab
1811 1062 2279 1127 exercitatione
2328 1078 2482 1143 per-

639 1182 872 1246 tinacis
903 1183 1173 1267 ingenii:
1221 1164 1495 1267 dumque
1544 1184 1789 1250 radices
1832 1184 2081 1250 arboris
2111 1186 2477 1269 inquirunt,

643 1326 986 1390 earumque
1032 1304 1226 1371 fibras
1271 1306 1668 1393 expendunt,
1716 1286 2005 1375 arborem
2058 1312 2257 1393 ipsam
2290 1301 2483 1371 inise-

643 1430 827 1495 rabili
859 1430 1196 1516 diligentia
1227 1418 1642 1500 interficiunt.

775 1528 977 1621 Nemo
1026 1576 1247 1622 eorum
1294 1560 1403 1642 qui
1451 1562 1746 1623 sanctum
1796 1563 1865 1622 et
1913 1558 2191 1621 solemne
2244 1554 2483 1621 habent

647 1682 900 1745 minime
930 1680 1281 1747 desciscere
1311 1681 1391 1746 ab
1422 1684 1741 1749 institutis
1773 1688 2063 1747 veterum
2099 1684 2165 1746 in
2196 1701 2268 1746 re
2300 1682 2483 1748 litte-

649 1806 850 1882 raria,
906 1798 1124 1883 nemo,
1182 1807 1438 1889 inquam
1463 1857 1478 1883 ,
1522 1810 1627 1871 ¹sic
1682 1808 1865 1891 inops
1919 1808 2115 1871 animi
2170 1805 2323 1883 fuit,
2378 1810 2481 1883 ut,

647 1949 832 2011 quem
880 1932 1116 2003 nat-ura
1143 1931 1398 2015 recipit,
1452 1947 1864 2016 progressum
1883 1932 1960 2020 -in
1995 1932 2315 1995 communi
2366 1930 2486 1995 ho·
2558 1906 2571 1930 '

646 2055 886 2118 minum
940 2055 1076 2118 vita
1127 2052 1541 2120 detrectaret.
1605 2054 1865 2139 Spirant
1919 2054 2130 2119 adhuc
2192 2052 2487 2137 exempla

553 2258 561 2271 ἱ
651 2160 964 2256 virorum,
997 2198 1158 2262 quos
1186 2181 1423 2255 virtuS,
1453 2180 1680 2256 honor,
1710 2180 1851 2243 laus
1876 2198 1917 2243 a
1947 2178 2177 2243 studiis
2208 2176 2491 2243 imitabi-

649 2302 814 2368 libus
843 2306 1195 2387 posuerunt
1223 2304 1288 2368 in
1319 2304 1593 2369 culmine
1625 2305 1931 2368 secularis
1958 2303 2219 2387 gloriae.
2242 2302 2489 2366 Horum

651 2433 778 2506 est,
827 2428 892 2492 in
923 2425 1111 2492 rebus
1143 2425 1432 2492 omnibus
1477 2446 1823 2512 progressu
1872 2430 2123 2528 vigere,
2157 2422 2483 2520 numquam

654 2551 1048 2617 declinantes
1079 2569 1119 2616 a
1148 2553 1308 2615 recti
1341 2552 1468 2615 via.
1500 2552 1739 2636 Nempe
1764 2552 1868 2617 hic
1892 2552 2151 2619 videtur
2174 2571 2311 2616 esse
2340 2570 2491 2636 pro-

657 2695 945 2761 gressu8‚
971 2674 1048 2740 de
1078 2696 1204 2760 quo
1235 2677 1462 2770 Cicero
1494 2677 1777 2760 loquitur
1800 2677 2012 2762 (Tusc.
2040 2679 2097 2755 I,
2130 2676 2267 2762 31.)
2302 2701 2337 2736 «
2360 2677 2491 2741 Ve-

661 2829 694 2861 «
731 2805 866 2867 niet
893 2805 1145 2887 tempus
1173 2806 1242 2866 et
1271 2800 1523 2884 quidem
1555 2802 1883 2867 celeriter:
1914 2805 1983 2896 et
2012 2805 2145 2867 sive
2171 2806 2493 2868 retracta-

662 2927 695 2985 ‹'<
732 2927 852 3005 bis,
900 2929 1034 2992 sive
1078 2925 1472 3012 properabis,
1508 2929 1751 2992 invitus
1780 2927 2229 3013 progredieris,
2272 2951 2307 2988 »
2360 2927 2493 2992 Nec

660 3058 882 3118 tamen
906 3053 1027 3118 hoc
1059 3059 1161 3120 est
1190 3054 1345 3122 dare
1373 3077 1442 3121 se
1473 3056 1777 3140 tempori,
1811 3053 1920 3118 sed
1950 3073 2037 3118 ex
2067 3059 2352 3136 tempore
2382 3071 2495 3115 su-

597 3174 608 3184 '
662 3197 834 3242 mere
865 3179 1197 3244 consilium
1233 3184 1526 3268 maturae
1556 3179 2043 3264 progressionis,

790 3303 1216 3371 Nihilominus
1246 3304 1450 3370 multa
1480 3308 1545 3370 in
1594 3323 1894 3389 praesens
1926 3305 2199 3366 naturae
2231 3298 2493 3384 judiciis

663 3429 947 3506 obstant,
1015 3451 1094 3493 ne
1154 3435 1340 3494 vetus
1399 3431 1712 3514 sapientia
1770 3423 2129 3492 intercedat
2188 3408 2489 3501 arbitrie,
2572 3503 2577 3508 ι

664 3571 888 3635 resque
933 3556 1110 3618 retro
1158 3550 1486 3636 sublapsas
1534 3551 1801 3616 salutari
1854 3547 2171 3614 medicina
2220 3544 2493 3614 reficiat.

665 3677 908 3760 Ecquid
934 3679 1102 3742 enim
1137 3677 1432 3761 ponderis
1461 3682 1563 3740 est
1593 3678 1655 3739 in
1688 3673 2007 3758 dignitate
2038 3677 2233 3756 atque
2264 3675 2497 3739 aucto-

560 3779 566 3786 ·
663 3805 859 3867 ritate
908 3801 1122 3866 Latini
1171 3799 1478 3865 nominis?
1526 3820 1686 3882 quae
1736 3767 2177 3884 gratiasquae
2206 3795 2363 3859 fides
2396 3797 2499 3858 in-

667 3929 918 3992 stitutis
973 3924 1319 4009 majorum?
1371 3926 1801 3989 Accesserunt
1851 3925 2079 3988 minuti
2136 3920 2493 4006 philosophi
