2996 4935
1244 624 1597 669 nmmum.

703 736 1056 808 correptum
1081 735 1140 792 et
1163 732 1503 804 implorabat
1525 732 1745 804 aliquas
1771 733 1958 795 ferias.

700 873 768 886 -
794 842 995 899 Omnia
1019 838 1328 898 vorticibus
1349 852 1500 897 nunc
1524 840 1799 911 aguntur:
1824 872 1895 883 —
1922 838 2105 897 audiit

697 950 787 1008 Ab
813 948 1092 1022 agitatore
1116 962 1307 1007 servo:
1337 960 1559 1005 cessare
1582 948 1669 1003 est
1693 946 1881 1016 nefas3

695 1053 939 1113 servitio
961 1068 1092 1111 nam
1119 1036 1390 1111 debemus'
1405 1053 1577 1111 horas
1602 1052 1879 1111 sexdecim
1896 1094 1913 1121 ‚
2004 1060 2011 1069 ·

630 1218 640 1225 ,
698 1160 784 1217 Ex
805 1160 1068 1219 instituto
1093 1160 1304 1218 civicae
1332 1158 1673 1233 tyrannidis.
1706 1188 1762 1203 -
1856 1207 1862 1214 .

700 1267 793 1325 Sic
818 1266 1014 1325 asinus
1040 1267 1294 1338 requiem
1319 1266 1540 1325 invenit
1564 1268 1671 1325 sub
1692 1267 1846 1324 terra
1876 1266 2067 1323 semel.

767 1372 1191 1446 Progressionis
1215 1373 1324 1431 hoc
1349 1372 1438 1429 est
1459 1372 1704 1445 pretium
1732 1388 1799 1431 ac
1824 1370 2131 1445 praemium

698 1480 1030 1551 Perpetuae,
1059 1495 1186 1537 cum
1208 1478 1428 1552 vigiliis
1453 1482 1513 1536 et
1539 1478 1829 1536 laboribus

697 1584 784 1641 Ex
807 1586 1136 1645 coacervata
1159 1586 1470 1645 studiorum
1498 1583 1807 1656 farragine.

1746 1752 1787 1774 s

505 1868 686 1927 xxxlI.
1005 1869 1294 1927 CYCNUS
1339 1868 1435 1925 ET
1470 1868 1831 1927 ANSERES.

696 2010 920 2067 cresus
945 2010 1184 2067 canebat
1199 2050 1215 2078 ,
1239 2008 1675 2080 perstrepebant
1698 2024 1957 2079 anseres;

696 2115 768 2173 Et
793 2130 1098 2174 concursus
1127 2114 1277 2185 (quis
1307 2113 1633 2185 credereti)
1658 2116 1729 2171 ad
1752 2130 1851 2171 eas
1876 2113 2003 2171 fuit.
2032 2146 2101 2157 --

763 2220 1093 2294 Glangorem
1122 2220 1204 2279 sic
1229 2220 1486 2277 tubarum
1512 2234 1663 2278 nunc
1684 2220 1955 2279 libentius

675 2330 871 2386 ’Aures
896 2327 1211 2400 accipiunt,
1235 2342 1404 2400 quam
1431 2326 1779 2385 dulcedinem
1804 2327 1959 2401 lyrae
1975 2369 1990 2397 ‚

694 2433 984 2494 Humanos
1008 2448 1128 2492 esse
1153 2433 1218 2492 ut
1241 2432 1452 2507 pudeat
1475 2434 1675 2493 heroas
1696 2448 1873 2492 novos
1887 2475 1903 2504 ‚

693 2541 857 2599 Pacis
881 2541 940 2598 et
962 2540 1171 2600 amicos
1197 2555 1322 2600 cum
1347 2541 1704 2601 consortibus
1728 2539 1896 2600 focis.

505 2801 706 2860 xxxnI.
1045 2805 1251 2863 NEPA
1287 2805 1384 2861 ET
1422 2805 1778 2862 FORMIOA.

696 2961 858 3020 Num
883 2962 1242 3021 formicarum
1266 2978 1454 3034 regem
1482 2962 1719 3020 inclusit
1744 2962 1982 3032 circu10,

699 3066 936 3127 Collatis
962 3067 1045 3126 sic
1069 3067 1381 3124 verticibus
1407 3069 1470 3124 ut
1494 3067 1658 3125 nulla
1682 3067 1841 3125 fleret

603 3173 612 3180 '
695 3173 958 3233 Potestas
980 3171 1246 3242 exeundi,
1273 3172 1448 3230 donec
1473 3173 1665 3230 ederet

702 3280 999 3338 Decretum
1024 3278 1093 3337 de
1118 3277 1368 3336 formicis
1391 3291 1580 3338 annuo
1605 3293 1751 3350 penu

697 3384 1094 3458 Exspoliandis
1117 3384 1181 3443 in
1205 3385 1328 3459 ejus
1352 3399 1546 3454 usum,
1570 3387 1631 3443 et
1658 3385 2024 3443 commodum,

697 3491 817 3551 Rex
841 3492 1181 3551 constitutus
1203 3493 1513 3553 haesitavit
1536 3493 1771 3564 obsequi

696 3597 846 3656 Satis
871 3599 1196 3672 arroganti:
1217 3614 1390 3670 quare
1415 3599 1607 3658 chelas
1634 3615 1699 3657 ex
1724 3599 1852 3658 dolo

693 3703 780 3760 Ea
806 3703 889 3760 sic
915 3703 1172 3775 deduxit,
1196 3706 1262 3762 ut
1287 3705 1517 3776 putaret
1540 3705 1801 3765 credulus

695 3807 841 3879 Rex,
868 3823 1032 3880 posse
1061 3810 1294 3868 evadere
1319 3811 1583 3882 sospitem
1612 3828 1647 3868 a
1669 3811 1947 3882 periculo:

704 3916 948 3973 Medium
986 3917 1086 3976 sed
1109 3917 1291 3988 ipsum
1317 3903 1519 3976 misere
1546 3917 1851 3991 intercepit
1874 3934 2031 3992 nepa.

2264 610 2329 664 15
