2996 4935
1359 627 1412 669 A.
1451 629 1500 671 C.
1536 626 1836 671 Fssltssuccu

793 738 1082 809 Quondam
1117 738 1292 796 etiam
1327 737 1535 795 veteris
1572 736 1799 794 virtutis
1838 735 2060 793 semina
2096 735 2169 793 ab
2208 734 2323 793 aris

866 847 1052 916 Atque
1081 844 1222 904 focis
1259 843 1468 902 Romae
1482 886 1501 915 ,
1536 842 1774 903 Romula
1810 850 1953 914 gens
1988 842 2063 899 ab
2098 841 2223 924 avis

795 951 931 1022 Det,
965 966 1076 1023 quo
1113 950 1450 1024 confugiant
1487 953 1636 1025 (cum
1672 965 1821 1007 more
1858 947 2161 1020 superstite
2198 946 2417 1019 lingua)

867 1056 976 1127 Qui
1014 1073 1074 1115 se
1111 1057 1390 1116 Romanos
1427 1072 1547 1115 esse
1582 1056 1833 1115 fatentur
1868 1054 2069 1113 adhuc.

1160 1340 1258 1398 DE
1295 1338 1582 1397 DORIDE
1623 1337 2005 1397 ISTRIANA.

794 1501 1108 1560 Mommnns
1147 1500 1350 1575 digitis
1385 1499 1782 1573 expergefacta
1816 1512 2075 1557 sonorum

864 1607 972 1665 Per
996 1606 1234 1666 chordas
1269 1607 1470 1678 serieS‚
1506 1607 1565 1663 te
1600 1607 1926 1663 numerante
1962 1604 2180 1674 mod08‚

792 1714 1040 1803 hictibus
1075 1712 1326 1771 insolitis
1361 1712 1505 1772 facit
1540 1712 1791 1771 exultare
1827 1710 2064 1782 peritos,

863 1820 972 1889 Qui
992 1822 1066 1880 ‚te
1103 1819 1462 1877 conclamant
1497 1818 1642 1875 artis
1678 1817 1888 1877 honore
1926 1817 2131 1874 deam„
2233 1885 2248 1895 χ

777 1927 1081 1997 ‘Quantula
1115 1924 1194 1984 sis
1229 1925 1418 1985 studio
1457 1924 1569 1983 scis
1606 1926 1758 2001 ipsa,
1794 1927 1853 1983 et
1886 1924 2031 1981 scire
2068 1923 2297 1981 fateris:

864 2035 1088 2104 Quanta
1123 2034 1223 2091 sed
1260 2034 1318 2091 et
1351 2031 1538 2104 qualis
1577 2033 1741 2090 Musa
1773 2030 1987 2088 videris
2025 2030 2245 2087 adhuc!

792 2141 956 2201 Doris
995 2132 1246 2199 amandas
1271 2140 1441 2199 etiam
1479 2136 1661 2211 saxio,
1692 2139 1739 2197 si
1776 2156 1917 2198 saxa
1953 2152 2159 2197 canoro

859 2247 1196 2307 constarent
1231 2260 1398 2305 sensu
1419 2288 1435 2317 ‚
1471 2246 1620 2305 scire
1656 2246 1849 2303 <riveto¹
1886 2243 2070 2302 nimis,

792 2354 951 2423 Quod
986 2355 1195 2412 natura
1229 2351 1404 2423 dedit,
1423 2352 1559 2417 ,noli
1595 2350 1904 2425 diffingere.
1949 2350 2192 2409 Stultum
2230 2352 2317 2406 est

862 2459 1130 2520 Doctrina
1163 2458 1380 2535 ingenii
1415 2458 1713 2518 debilitare
1751 2457 1931 2518 fidem.
2368 2458 2373 2461 ’

1194 2742 1297 2800 DE
1340 2743 1603 2802 PALMA
1640 2697 1967 2802 Dofflms.

791 2905 1012 2963 RuemA
1049 2907 1135 2963 est
1170 2905 1336 2965 flores
1373 2904 1527 2962 inter
1564 2906 1667 2964 tna
1702 2905 1891 2978 palma
1929 2881 2168 2963 virentes
2188 2946 2203 2973 ‚

860 3012 1016 3084 Dori,
1049 3013 1187 3086 quot
1221 3013 1279 3070 et
1313 3011 1511 3084 quales
1548 3015 1611 3070 tu
1650 3011 1907 3070 studiosa
1945 3010 2098 3069 colis.

787 3119 1024 3180 Nomine
1059 3119 1292 3193 quisque
1329 3135 1430 3179 sno
1468 3120 1699 3178 memori
1734 3118 1859 3178 vult
1895 3119 2077 3176 mente
2116 3118 2337 3185 referri,

817 3241 822 3244 ·
860 3226 966 3285 Vel
1001 3227 1209 3286 formae
1245 3227 1430 3298 specie
1470 3227 1580 3296 sit,
1611 3226 1701 3285 vel
1737 3225 1901 3285 odore
1940 3225 2183 3298 placens.

791 3335 976 3408 Stirpe
1013 3333 1338 3408 peregrinos
1372 3336 1436 3391 tu
1475 3333 1573 3392 sed
1612 3327 2000 3406 complecteris
2038 3346 2250 3401 omnes;

861 3441 980 3502 Nec
1015 3443 1072 3499 te
1110 3442 1210 3500 dos
1245 3442 1440 3513 pretii,
1470 3457 1573 3498 nec
1609 3439 1753 3497 latet
1788 3440 1911 3499 ulla
1946 3438 2135 3512 plaga.

791 3549 942 3621 Ergo
979 3547 1254 3607 doctrinis
1290 3547 1481 3619 plnres
1518 3561 1661 3619 quae
1698 3561 1923 3604 munere
1960 3545 2181 3618 palmas

864 3654 1128 3713 Pluribus
1164 3653 1509 3724 accumulare,
1545 3652 1693 3711 hanc
1728 3669 1943 3725 quoque
1982 3668 2135 3711 sume
2173 3655 2344 3710 tuam.

794 3761 1051 3820 Crescere
1080 3761 1302 3835 ‘gaudet
1337 3761 1488 3820 enim
1525 3760 1609 3818 sic
1646 3761 1917 3832 proxima,
1952 3759 2053 3818 fiat
2088 3760 2153 3817 ut
2187 3759 2317 3816 olim

859 3868 966 3926 His
1005 3868 1173 3927 etiam
1207 3887 1274 3927 ex
1311 3867 1541 3937 meritis3
1582 3867 1739 3938 Dori,
1776 3883 1979 3926 corona
2015 3866 2135 3924 tibi.
