2996 4935
717 655 788 710 56
1375 667 1428 709 Α.
1467 667 1517 710 c.
1557 667 1860 712 rnnuuecu

769 777 1022 837 Divisum
1055 777 1208 850 quod
1243 780 1397 850 erat,
1432 780 1585 838 sensi
1620 783 1742 839 sine
1778 781 1955 842 limite
1984 781 2169 858 jungi.

835 884 1030 944 Mutus
1063 883 1320 944 aberravi
1359 901 1484 945 cum
1520 903 1713 961 grege.
1752 887 1932 948 Pareo
1968 887 2140 948 mihi!

763 990 920 1051 Haeo
953 992 1131 1064 ratio,
1165 992 1310 1051 haec
1342 1007 1458 1052 una
1492 995 1604 1064 est,
1640 1008 1785 1066 quae
1822 995 2004 1068 possit
2037 995 2277 1056 honesta
2313 999 2510 1057 videri.

833 1097 981 1156 Grex
1015 1100 1236 1172 pereat3
1264 1097 1484 1171 justum
1520 1103 1639 1158 est:
1676 1101 1777 1159 sed
1814 1102 1953 1160 mihi
1988 1103 2155 1176 parta
2188 1103 2345 1164 salus

761 1203 902 1278 Ejus
939 1205 1013 1263 ab
1048 1204 1294 1277 excidio,
1329 1206 1490 1264 dabit
1528 1206 1827 1266 absorbere
1864 1209 2092 1280 ruinas,

826 1312 898 1370 Se
931 1311 1139 1384 quibus
1175 1311 1428 1384 imponat
1461 1329 1602 1386 gens
1637 1330 1847 1374 memor
1882 1331 2003 1375 esse
2040 1317 2236 1376 Deum.
2262 1350 2330 1360 -

683 1421 690 1436 ¹
755 1417 946 1478 Donee
979 1420 1148 1477 erunt
1181 1418 1348 1492 pauci
1383 1419 1726 1492 locupletes,
1762 1423 2160 1495 pauperiorum

825 1525 1103 1584 Maximus
1137 1525 1196 1583 et
1229 1541 1489 1584 numerus
1529 1527 1708 1600 (quod
1745 1526 1869 1586 vice
1904 1530 2233 1602 perpetuum
2268 1531 2405 1601 est),

754 1631 1005 1702 Credite,
1041 1625 1300 1690 Christus
1337 1632 1474 1690 erit!
1518 1632 1608 1691 vel
1646 1635 1851 1693 cuncta
1886 1635 2133 1694 humana
2170 1637 2437 1696 redibunt

823 1738 1082 1797 Fratrum
1119 1737 1371 1797 dissidiis
1407 1738 1480 1798 ad
1517 1739 1644 1798 loca
1681 1755 1853 1798 caeca
1890 1740 2078 1799 chaos.
2103 1772 2174 1785 —-

699 2019 748 2060 12.
1246 2002 1348 2060 AD
1385 2001 1655 2062 URBEM
1688 2003 1983 2062 ROMAM.

815 2167 985 2224 Rom
1023 2182 1264 2238 perenne
1302 2168 1474 2240 caput
1509 2159 1733 2238 mundi,
1770 2182 2041 2226 mansura
2076 2167 2361 2240 palaestra

887 2273 1152 2345 Artibus,
1189 2274 1248 2332 et
1281 2273 1485 2332 studiis
1520 2273 1780 2332 omnibus
1816 2273 2107 2347 ingenuis,

814 2380 922 2450 Qui
955 2382 1012 2440 te
1050 2380 1314 2438 dixerunt
1351 2381 1510 2454 putei
1544 2381 1830 2440 munimen
1866 2381 1941 2440 ab
1978 2381 2185 2440 haustu

882 2489 1088 2545 Rerum
1123 2488 1481 2560 antiquarum
1519 2488 1740 2559 tempus
1776 2488 1834 2545 in
1874 2504 2033 2548 omne
2069 2505 2273 2549 novum
2292 2534 2305 2560 ,

812 2594 1046 2665 Sceptra
1079 2593 1396 2666 magisterii
1431 2593 1538 2651 tibi
1576 2594 1931 2653 contribuere
1970 2594 2231 2665 merenti,

883 2698 1141 2772 Exempli
1179 2698 1230 2756 si
1267 2697 1333 2756 fit
1367 2698 1489 2757 vita
1526 2698 1713 2757 virilis
1748 2716 1871 2773 ope.

810 2808 946 2877 Quis
981 2818 1094 2864 uon
1131 2784 1460 2864 ante'tuum
1495 2808 1872 2867 monumentis
1906 2808 2095 2868 nobile
2130 2811 2347 2882 septum

886 2913 1190 2986 Obstupet,
1225 2913 1465 2972 interius
1504 2914 1753 2987 concipit
1788 2917 1957 2988 atque
1993 2916 2241 2974 metum?

807 3024 982 3081 Sacra
1013 3020 1131 3079 tuis
1165 3019 1392 3093 templis
1427 3019 1496 3081 fis
1533 3020 1852 3095 relligionis
1890 3038 2085 3082 acerra
2099 3066 2114 3093 ,

879 3128 1035 3187 Thus
1069 3128 1128 3187 et
1163 3127 1300 3187 odor
1336 3127 1524 3186 cultus
1563 3127 1783 3187 diditur
1816 3128 1965 3188 unde
2002 3130 2120 3189 Dei.

812 3236 950 3309 Ipsa
984 3235 1222 3308 profana
1255 3236 1474 3309 plaees;
1514 3251 1649 3293 nam·
1681 3236 1847 3309 pulsa
1881 3234 2167 3315 ligonibus
2204 3236 2369 3295 effers

879 3342 1193 3413 Quottidie‚
1231 3342 1407 3401 veteri
1442 3342 1590 3414 quod
1627 3342 1707 3399 sit
1743 3344 1814 3401 ab
1853 3343 1972 3400 arte
2008 3356 2225 3401 recens.

805 3450 1002 3508 Terret
1035 3450 1095 3509 in
1129 3450 1375 3523 AEgypto
1411 3450 1656 3523 Sphinx,
1692 3451 1759 3507 ut
1790 3448 2065 3506 miracula
2100 3450 2313 3522 septem

880 3557 1048 3616 Orbis
1083 3558 1155 3616 ab
1189 3556 1476 3615 immensis
1514 3554 1787 3625 molibuS‚
1826 3556 1990 3627 atque
2030 3556 2203 3615 statu.
2242 3599 2249 3608 .

806 3663 891 3719 Tu
929 3661 1026 3720 fax
1061 3661 1336 3723 seclorum
1372 3660 1738 3736 praefulgens
1775 3659 1931 3719 intus
1968 3663 2027 3719 et
2062 3663 2246 3733 extra,

768 3796 786 3809 ·
871 3770 1097 3841 Semper
1131 3770 1465 3828 inexhausta
1501 3770 1626 3828 luce
1664 3769 1944 3843 stupenda
1980 3770 2173 3829 micas,

805 3875 1036 3955 Diruta?
1071 3891 1197 3934 mox
1234 3876 1484 3935 rediviva
1519 3877 1688 3935 etiam
1725 3876 1931 3935 virtute
1970 3876 2182 3937 favoris

871 3978 1090 4053 Divini‚
1128 3998 1353 4053 reparas
1392 3986 1445 4041 te
1485 3984 1733 4042 cavitate
1771 3984 1872 4042 tui.
