2996 4935
657 650 664 654 ·
683 626 718 681 6
1352 639 1402 681 A.
1441 640 1487 680 c.
1530 640 1830 681 rennuccn

891 748 964 805 Et
988 747 1134 825 velle
1169 747 1279 804 dici
1305 748 1707 805 contendentes
1733 749 1933 807 acrius.

761 854 776 861 “
876 853 1010 910 Fuit
1032 853 1172 911 haec
1199 855 1417 925 stupori
1443 854 1665 913 novitas
1690 855 2066 926 arrogantiae.

869 944 977 1016 Sed
1003 950 1348 1018 abstinentes
1371 960 1609 1018 marium
1638 960 1709 1017 ab
1736 974 1905 1031 opera
1928 976 1989 1016 se
2016 961 2174 1031 vagi,

871 1064 996 1123 Cito
1020 1068 1352 1152 receperunt
1375 1066 1519 1138 galli
1540 1065 1637 1144 jus
1663 1066 1725 1123 in
1750 1082 1844 1123 eas
1866 1080 2043 1123 suum.

940 1170 1227 1230 Habemus
1251 1187 1400 1229 nunc
1425 1172 1687 1229 mulieres
1710 1172 1881 1244 hujus
1898 1156 2163 1244 ponderis

876 1280 1052 1349 Super
1077 1278 1218 1336 viris
1243 1277 1475 1335 mirifice
1512 1278 1956 1335 conniventibus.

591 1522 598 1529 '
680 1544 788 1601 ιιι.
1255 1541 1503 1601 oAPnR
1541 1541 1636 1599 ET
1674 1541 1927 1600 AsmA.

873 1706 1066 1761 Onna
1101 1704 1346 1761 lascivus
1369 1702 1773 1773 insequebatur
1794 1703 2011 1759 asinam

867 1808 996 1866 Non
1021 1809 1142 1866 sine
1167 1810 1392 1879 stupore
1421 1806 1579 1864 nivei
1604 1807 1894 1865 custodum
1922 1808 2132 1879 gregis

869 1911 1148 1985 Rependit
1173 1912 1336 1971 asina
1355 1912 1563 1971 meruit
1584 1912 1732 1985 quod
1754 1913 2083 1970 temerarius

869 2019 1248 2091 Calcibus‚·ut
1271 2019 1443 2077 sciret
1465 2020 1776 2091 temperare
1803 2035 1863 2077 se
1889 2019 2059 2077 miser

871 2128 964 2185 Sic
991 2126 1234 2184 monitus
1259 2142 1294 2183 a
1319 2123 1712 2198 congressione
1736 2125 1829 2183 sat
1852 2125 2072 2197 impari.

679 2464 814 2522 1111.
875 2460 880 2467 ’
1297 2460 1546 2519 METUS
1568 2460 1617 2517 ·J
1626 2458 1885 2517 UDIOII.

498 2513 528 2544 δ

870 2656 1220 2719 Possumus.
1248 2669 1414 2720 caeca
1437 2654 1600 2711 nocte
1624 2653 1923 2725 patrantur
1948 2652 2199 2712 crimina.

874 2761 1118 2819 Gallinis
1143 2763 1278 2818 tunc
1307 2761 1548 2818 mustela
1572 2759 1807 2830 infesta,
1832 2760 1889 2816 et
1913 2758 2169 2816 muribus

871 2869 1058 2925 Intrat
1083 2868 1230 2938 quod
1253 2883 1387 2938 prae
1412 2869 1611 2924 timore
1634 2867 1861 2938 putavit
1884 2864 2097 2923 invium
2113 2907 2131 2932 ‚

869 2975 1016 3044 Quin
1041 2975 1099 3031 et
1122 2975 1468 3032 inaccessum
1491 2975 1595 3031 sub
1621 2953 1793 3031 solari
1815 2972 2041 3030 lumine.
2160 3037 2165 3044 ¹

870 3081 1060 3153 Lupus
1087 3068 1286 3152 rapax,
1309 3082 1368 3138 et
1392 3080 1587 3152 vulpes
1616 3079 1841 3138 insidiis
1869 3081 2069 3150 potens

872 3187 1182 3247 Proficiunt
1217 3203 1385 3260 super
1408 3187 1653 3246 ovilibus
1676 3203 1739 3245 eo
1764 3185 2023 3257 tempore.

865 3295 1044 3353 Fures
1066 3294 1202 3353 item
1227 3296 1286 3352 et
1308 3295 1556 3352 latrones
1580 3294 1819 3352 oderunt
1844 3291 1987 3349 diem

870 3401 1156 3474 Injuriosa
1178 3400 1301 3458 luce
1325 3393 1643 3458 testimonii.

860 3505 1047 3567 Nocte
1070 3504 1416 3565 recrudescit
1441 3483 1695 3574 equidem
1722 3501 2069 3562 conscientia
2130 3500 2139 3513 ⁸

869 3613 1106 3673 Occulta
1129 3625 1341 3681 morsu3
1369 3608 1655 3668 deridetur
1680 3608 1778 3666 sed
1804 3607 1991 3681 palam
2006 3651 2021 3679 ‚

869 3721 976 3780 Ubi
1007 3721 1328 3781 didicerunt
1351 3719 1544 3791 plures
1572 3734 1640 3776 ea
1662 3715 2123 3790 quemadmodum

870 3828 1111 3886 Peccata
1134 3828 1360 3900 impune
1385 3826 1554 3897 fiant,
1578 3840 1747 3896 quam
1774 3821 2235 3908 quemadmodum

869 3933 1076 3991 Resisti
1101 3934 1275 4005 possit
1297 3930 1670 3990 invitantibus
1696 3930 1775 3987 ad.
1790 3929 1976 3987 nefas:
