2996 4935
1261 616 1521 659 sosoma.
2006 676 2016 689 x
2230 602 2301 659 65

543 778 550 785 .
605 733 724 791 Nos
749 730 1154 801 adolescentes,
1178 727 1587 800 disciplinaque
1612 726 1879 785 subactos

667 838 970 897 Doctorum
997 834 1218 909 excepit
1239 848 1392 901 cura,
1415 832 1684 905 laborque
1704 831 1905 903 virum,

598 944 670 1002 In
695 942 896 1003 melius
921 942 1174 1002 nostram
1197 941 1292 1013 qui
1321 954 1627 1013 provexere
1645 937 1936 1011 juventam
1958 982 1971 1009 ‚

669 1052 748 1109 Ut
769 1053 868 1110 tua
895 1050 964 1107 de
989 1049 1152 1108 nobis
1179 1062 1310 1121 spes
1327 1047 1470 1105 bene
1493 1046 1645 1104 fulta
1662 1046 1827 1105 foret.

600 1158 710 1215 Per
740 1159 795 1215 te
820 1172 971 1214 nunc
995 1154 1190 1227 aliqua
1215 1170 1339 1212 cum
1362 1152 1529 1211 laude
1558 1152 1817 1211 sedemus
1844 1153 2096 1223 uterque,

539 1246 544 1250 ’
668 1264 790 1333 Quo
828 1262 1090 1322 doctrina
1123 1261 1248 1321 loco
1283 1276 1389 1318 nos
1427 1260 1563 1318 tulit
1599 1275 1719 1339 esse
1756 1275 1936 1332 pares.
2080 1250 2086 1257 ’

600 1370 879 1429 Humanis
905 1368 1112 1428 studiis
1133 1367 1326 1441 siquid
1366 1366 1705 1441 profecimus
1734 1366 1885 1436 olim,

671 1478 830 1535 Stare
859 1476 1004 1535 etin
1029 1474 1344 1549 exemplum
1364 1474 1509 1533 forte
1538 1473 1795 1533 videmur
1820 1472 2023 1543 adhuc,

601 1584 673 1641 ld
695 1582 804 1641 tibi
829 1582 1098 1642 debemus
1119 1596 1259 1654 nos;
1295 1582 1701 1654 acceptumque
1734 1580 1941 1639 referre

667 1689 787 1749 Nec
811 1706 918 1762 me,
943 1704 1048 1747 nec
1074 1688 1316 1747 fratrem
1333 1687 1772 1747 dissimulanter
1794 1686 1939 1757 erit3

604 1796 972 1870 Perspicuum
994 1797 1059 1855 ut
1081 1796 1202 1869 fiat,
1221 1796 1348 1855 sine
1373 1796 1567 1855 mente
1584 1794 1801 1868 fideque
1825 1794 2063 1867 paterna
2076 1836 2091 1864 ‚

677 1903 956 1963 Eventum
980 1902 1159 1976 prolis
1183 1901 1390 1963 nullibi
1414 1917 1578 1975 posse
1609 1902 1748 1959 dari.

602 2008 832 2081 Discite,
857 2008 1066 2068 fumosi
1087 2008 1422 2081 locupletes,
1447 2008 1709 2080 ingerere
1732 2022 1925 2065 aurum

680 2116 828 2188 Huc,
846 2114 968 2188 jam
991 2130 1098 2173 nec
1123 2113 1336 2173 mensis
1362 2112 1587 2173 credere
1610 2112 1894 2172 luctificis.
1959 2108 1964 2113 ’

604 2222 782 2282 Heres
807 2222 966 2280 dives
989 2220 1102 2279 erit
1132 2220 1357 2292 vestem
1391 2219 1496 2279 sed
1522 2218 1593 2277 ab
1617 2218 1851 2277 auribus
1876 2234 1997 2277 esse

675 2328 844 2387 Hunc
869 2328 1090 2388 asinum
1121 2326 1274 2386 dicet
1295 2324 1475 2386 libera
1497 2326 1671 2385 turba
1692 2325 1821 2385 fori.

608 2434 846 2496 Publica
870 2433 1008 2508 quin
1034 2432 1204 2494 etiam
1226 2448 1320 2493 res
1343 2431 1669 2506 experietur
1694 2432 1965 2506 ineptum,

675 2542 871 2603 Sicubi
895 2541 1148 2602 consiliis
1174 2541 1273 2599 ille
1299 2539 1655 2598 adhibendus
1680 2538 1804 2597 erit.

608 2650 757 2719 Quid
780 2650 1054 2724 queret-ie,
1077 2649 1271 2722 patria.
1293 2646 1549 2719 illustris,
1574 2661 1768 2707 careas
1794 2648 1941 2719 quod
1966 2648 2174 2708 honore

677 2746 976 2829 Antiquo?
1013 2756 1154 2814 haec
1177 2753 1341 2813 radix
1365 2755 1472 2824 est,
1495 2754 1556 2812 et
1580 2753 1743 2827 origo
1768 2753 1918 2812 mali.

880 3017 978 3074 DE
1028 3015 1418 3076 GREGORIO
1463 3016 1614 3076 1111.
1669 3015 1931 3076 GHIKA.

610 3177 977 3238 ΟοΜιΒΜΑΒΕ
1014 3175 1207 3248 fidem,
1244 3175 1554 3236 Ghikarum
1587 3176 1829 3236 maxima
1864 3176 1991 3235 laus
2025 3177 2143 3246 est,

679 3283 758 3341 Et
793 3283 1010 3357 patriae
1046 3299 1114 3340 ex
1155 3281 1321 3343 Latio
1357 3281 1691 3342 continuare
1728 3281 1897 3342 decus
1917 3287 1967 3340 *.

613 3389 826 3451 Graeca
859 3386 1290 3463 supervolitent3
1326 3389 1488 3448 stant
1525 3388 1901 3450 fundamenta
1938 3390 2181 3450 Latinae

680 3497 922 3571 Stirpis:
957 3497 1028 3554 ut
1062 3495 1235 3555 exilio
1269 3496 1320 3555 si
1355 3495 1652 3570 patiantur
1687 3496 1787 3570 agi

583 3705 601 3726 ⁴¹
623 3703 869 3766 Gregorio
886 3701 991 3751 1111.
1022 3702 1238 3766 Ghikee,
1271 3702 1400 3752 inter
1417 3701 1674 3754 Rumenos
1694 3703 1934 3754 hodierna
1953 3683 2309 3767 appellatione,

492 3781 806 3832 tribuendum
836 3790 931 3843 est,
963 3781 1030 3843 si,
1061 3787 1172 3846 post
1202 3781 1554 3844 Phanai-ictas,
1575 3782 1754 3832 Latina
1774 3781 1971 3846 lingua,
2006 3781 2146 3846 quasi
2178 3789 2312 3845 post—

492 3861 702 3924 liminio,
722 3868 949 3911 revocata
965 3868 1040 3912 est
1054 3862 1186 3925 apud
1201 3862 1415 3922 colonos,
1442 3862 1555 3917 intio
1570 3877 1602 3910 a
1624 3862 1930 3925 temporibus
1960 3861 2167 3926 Trajani
2190 3861 2317 3924 imp,

492 3942 644 3992 latina
671 3941 865 4004 origine
897 3941 1266 3991 memorabiles.
1289 3967 1293 3972 ·

1978 4117 2003 4161 ἱ
