2996 4935
978 611 1340 654 FABULARUM
1377 609 1565 652 LIBER,
1603 611 1659 654 XV·
2189 599 2251 646 15

406 755 585 800 xxvml.
1057 753 1194 812 MUS
1233 755 1321 810 ET
1359 751 1605 810 SENEX.

474 883 713 938 Tnanrr·
741 880 812 938 ad
849 879 1152 938 interitum
1192 878 1430 938 naturae
1469 877 1731 938 mutatio.

476 971 602 1028 Mus
638 968 987 1043 impetrabat
1023 968 1250 1027 vivere:
1289 967 1571 1026 misertus
1608 981 1790 1026 senex

475 1058 739 1117 Detraxit
773 1057 978 1116 dentes
1015 1055 1266 1115 libertati
1305 1054 1565 1114 reddito:

477 1148 688 1206 Vivere
725 1147 810 1204 sic
849 1146 1035 1205 tenuit
1069 1145 1334 1204 breviter
1369 1145 1722 1218 absumptus
1760 1143 1927 1202 fame.

549 1237 654 1304 Qui
695 1237 862 1309 rapto
898 1235 1178 1308 gaudent,
1217 1233 1468 1294 habeant
1506 1232 1616 1294 hoc
1652 1231 1879 1292 dictum
1916 1230 2045 1290 sibi.

412 1475 528 1506 xxx.
1075 1466 1208 1524 FUR
1246 1468 1336 1524 ET
1373 1463 1613 1524 JUDEX.

480 1595 648 1650 thn
688 1591 986 1664 religatam
1028 1591 1286 1650 rusticus
1321 1589 1573 1650 habebat
1608 1589 1825 1648 asinam

481 1683 623 1739 Cum
663 1679 835 1753 pullo.
873 1681 1006 1739 Fuit
1039 1678 1326 1740 abductos
1361 1678 1462 1753 qui
1503 1693 1643 1752 prae
1680 1675 1923 1736 corbula

481 1767 764 1828 Traheret
799 1767 1094 1839 fabarum,
1133 1769 1270 1828 fune
1309 1767 1596 1838 resolut0,
1636 1767 1829 1826 tamen

435 1933 439 1937 ι
480 1861 760 1932 ArreptO,
800 1860 866 1920 ut
901 1858 1126 1918 furtum
1165 1858 1549 1932 detorqueret
1584 1873 1617 1916 a
1656 1857 1761 1916 via.

482 1951 537 2004 Is
573 1946 878 2019 abigeatus
914 1961 1077 2016 reuS,
1117 1950 1184 2005 ut
1219 1959 1418 2005 coram
1450 1945 1647 2018 jndice

481 2036 676 2104 Stetit,
714 2035 858 2092 haec
894 2033 1172 2106 perfricta
1207 2035 1400 2092 fronte
1437 2033 1669 2091 locutus
1706 2031 1929 2098 intulit,

486 2119 720 2194 orando
758 2121 1006 2178 veniam.
1033 2150 1104 2161 —
1128 2123 1460 2193 Aggressus
1496 2119 1697 2178 funem
1735 2121 2001 2190 tangere,

491 2212 622 2268 Mox
659 2209 834 2268 etiam
874 2207 1132 2280 trahere,
1173 2209 1330 2268 sensi
1368 2208 1511 2282 quid
1547 2207 1735 2282 maJ‘us
1772 2207 1947 2276 sequi.

481 2302 560 2357 Ea‘
597 2299 774 2373 potiri
815 2299 952 2357 fune
989 2298 1174 2370 volui,
1213 2299 1315 2358 sed
1353 2311 1534 2372 pecus

480 2389 655 2447 Venit
691 2387 988 2446 asininum
1024 2401 1245 2447 secum.
1288 2383 1414 2458 Qui
1439 2386 1721 2462 repellere

480 2480 804 2551 Utrumque
844 2480 1152 2552 poteram?
1186 2471 1382 2537 Parcit
1418 2477 1865 2547 confitentibu8‚

479 2567 688 2626 Plectit
725 2570 1005 2640 negantes
1042 2570 1226 2626 Deus:
1264 2582 1376 2641 ego
1411 2567 1557 2641 quid
1592 2566 1935 2626 admiserim

480 2656 572 2715 Sic
609 2657 838 2729 retego,
877 2672 1088 2730 magna
1126 2671 1230 2731 spe
1271 2659 1399 2717 tuae
1437 2656 1883 2716 clementiae.-

551 2744 736 2803 Judex
773 2747 1030 2804 astutum
1070 2745 1271 2815 affecit
1302 2761 1485 2819 poena
1523 2745 1773 2819 duplice.

411 2976 555 3015 xxxi.
849 2976 1196 3035 DIOGENES
1233 2978 1320 3035 ET
1359 2976 1827 3035 DIALECTICUS.

480 3102 736 3157 mecam
771 3100 1008 3173 quidam
1047 3115 1372 3163 occurrens
1409 3112 1685 3163 sermone
1724 3101 1983 3173 rigidus,

478 3188 781 3261 Angustus
818 3188 1041 3257 animo,
1085 3192 1146 3249 ct
1181 3204 1398 3263 pravus
1435 3192 1646 3263 cynico
1683 3189 1927 3264 pauperi
2222 3231 2233 3253 ι

481 3278 584 3337 Est
609 3268 788 3336 ausus
814 3277 1038 3337 dicere:
1068 3309 1140 3321 ·—
1161 3280 1342 3337 Heusl
1368 3281 1432 3339 tu
1461 3292 1579 3337 non
1606 3291 1672 3337 es
1696 3276 1855 3351 quod
1878 3292 1989 3350 ego
2014 3292 2163 3337 sum.
2196 3312 2267 3321 —

481 3370 755 3426 —Homo
789 3381 923 3427 sum
947 3399 1017 3411 -
1047 3368 1314 3441 reposuit
1351 3366 1468 3427 ille:
1511 3369 1575 3427 ut
1610 3368 1759 3427 alter
1789 3367 2045 3433 disceret

481 3455 684 3516 Audax
720 3458 1047 3532 loquend0‚
1084 3472 1148 3517 se
1185 3458 1382 3519 brutis
1421 3458 1771 3519 animalibus

479 3547 624 3602 Esse
661 3544 1170 3607 adnumerandum
1205 3563 1388 3621 grege
1425 3563 1561 3608 cum
1594 3548 1875 3607 similium
1914 3548 2023 3607 sui.

550 3637 666 3719 Dos
703 3638 795 3694 est
829 3636 1085 3697 humana
1125 3637 1454 3697 litterarum
1492 3638 1693 3711 gratia.
1826 3629 1835 3641 '

412 3865 569 3905 xxxa.
903 3867 1298 3927 AEGROTANS
1333 3868 1422 3925 ET
1458 3868 1771 3927 MEDICUS.

478 3990 528 4047 A
564 4004 700 4047 man
736 3990 945 4051 similis
983 3992 1310 4064 aegrotanti
1345 3968 1435 4051 vir
1470 3993 1585 4052 tori
1684 4006 1693 4013 ·

479 4078 772 4151 Spondam
812 4081 883 4140 ad
922 4082 1232 4154 utramque
1271 4082 1603 4155 pertinebat
1640 4084 1878 4143 nescius
