<?xml version="1.0" encoding="UTF-8"?>
<!DOCTYPE html PUBLIC "-//W3C//DTD XHTML 1.0 Transitional//EN"
    "http://www.w3.org/TR/xhtml1/DTD/xhtml1-transitional.dtd">
<html xmlns="http://www.w3.org/1999/xhtml" xml:lang="en" lang="en">
 <head>
  <title>
</title>
<meta http-equiv="Content-Type" content="text/html;charset=utf-8" />
  <meta name='ocr-system' content='tesseract 3.04.00' />
  <meta name='ocr-capabilities' content='ocr_page ocr_carea ocr_par ocr_line ocrx_word'/>
</head>
<body>
  <div class='ocr_page' id='page_1' title='image "./alois00ferrgoog_0148.png"; bbox 0 0 2996 4935; ppageno 0'>
   <div class='ocr_carea' id='block_1_1' title="bbox 653 566 1897 746">
    <p class='ocr_par' dir='ltr' id='par_1_1' title="bbox 653 566 1897 746">
     <span class='ocr_line' id='line_1_1' title="bbox 654 566 1781 621; baseline -0.001 -1"><span class='ocrx_word' id='word_1_1' title='bbox 654 566 722 621; x_wconf 79' lang='lat'><strong>52</strong></span> <span class='ocrx_word' id='word_1_2' title='bbox 1325 578 1378 621; x_wconf 70' lang='lat' dir='ltr'><strong>A.</strong></span> <span class='ocrx_word' id='word_1_3' title='bbox 1406 580 1452 621; x_wconf 87' lang='lat' dir='ltr'><strong>c.</strong></span> <span class='ocrx_word' id='word_1_4' title='bbox 1479 576 1781 621; x_wconf 72' lang='lat' dir='ltr'><strong>ssasuccn</strong></span> 
     </span>
     <span class='ocr_line' id='line_1_2' title="bbox 653 682 1897 746; baseline 0.001 -3"><span class='ocrx_word' id='word_1_5' title='bbox 653 687 866 746; x_wconf 76' lang='lat' dir='ltr'>xxxxlI.</span> <span class='ocrx_word' id='word_1_6' title='bbox 1105 704 1112 713; x_wconf 93' lang='lat'>·</span> <span class='ocrx_word' id='word_1_7' title='bbox 1217 686 1462 746; x_wconf 83' lang='lat' dir='ltr'><strong>SUTOR</strong></span> <span class='ocrx_word' id='word_1_8' title='bbox 1502 682 1596 745; x_wconf 70' lang='lat' dir='ltr'><strong>m*</strong></span> <span class='ocrx_word' id='word_1_9' title='bbox 1638 682 1897 746; x_wconf 78' lang='lat' dir='ltr'>MUSOA.</span> 
     </span>
    </p>
   </div>
   <div class='ocr_carea' id='block_1_2' title="bbox 772 809 2243 1417">
    <p class='ocr_par' dir='ltr' id='par_1_2' title="bbox 778 809 2195 990">
     <span class='ocr_line' id='line_1_3' title="bbox 778 809 2195 885; baseline -0.003 -14"><span class='ocrx_word' id='word_1_10' title='bbox 778 814 969 871; x_wconf 73' lang='lat' dir='ltr'><strong>Su&#39;ron</strong></span> <span class='ocrx_word' id='word_1_11' title='bbox 993 828 1098 873; x_wconf 80' lang='lat' dir='ltr'><strong>acu</strong></span> <span class='ocrx_word' id='word_1_12' title='bbox 1123 827 1372 885; x_wconf 87' lang='lat' dir='ltr'><strong>pannum</strong></span> <span class='ocrx_word' id='word_1_13' title='bbox 1403 812 1533 869; x_wconf 87' lang='lat' dir='ltr'><strong>dum</strong></span> <span class='ocrx_word' id='word_1_14' title='bbox 1559 812 1822 885; x_wconf 74' lang='lat' dir='ltr'>gnaviter</span> <span class='ocrx_word' id='word_1_15' title='bbox 1845 810 2034 870; x_wconf 78' lang='lat' dir='ltr'><strong>adsuit</strong></span> <span class='ocrx_word' id='word_1_16' title='bbox 2054 809 2195 868; x_wconf 75' lang='lat' dir='ltr'><strong>ullis</strong></span> 
     </span>
     <span class='ocr_line' id='line_1_4' title="bbox 847 918 2001 990; baseline -0.001 -13"><span class='ocrx_word' id='word_1_17' title='bbox 847 918 1108 979; x_wconf 86' lang='lat' dir='ltr'><strong>&#39;I&#39;elarum</strong></span> <span class='ocrx_word' id='word_1_18' title='bbox 1134 920 1326 990; x_wconf 83' lang='lat' dir='ltr'><strong>textis,</strong></span> <span class='ocrx_word' id='word_1_19' title='bbox 1355 934 1553 979; x_wconf 83' lang='lat' dir='ltr'><strong>musea</strong></span> <span class='ocrx_word' id='word_1_20' title='bbox 1576 919 1813 977; x_wconf 78' lang='lat' dir='ltr'><strong>molesta</strong></span> <span class='ocrx_word' id='word_1_21' title='bbox 1834 919 2001 977; x_wconf 87' lang='lat' dir='ltr'><strong>nimis</strong></span> 
     </span>
    </p>

    <p class='ocr_par' dir='ltr' id='par_1_3' title="bbox 772 1022 2151 1205">
     <span class='ocr_line' id='line_1_5' title="bbox 772 1022 2025 1099; baseline -0.002 -14"><span class='ocrx_word' id='word_1_22' title='bbox 772 1026 1124 1098; x_wconf 80' lang='lat' dir='ltr'><strong>Intercessit,</strong></span> <span class='ocrx_word' id='word_1_23' title='bbox 1147 1026 1208 1083; x_wconf 89' lang='lat' dir='ltr'><strong>et</strong></span> <span class='ocrx_word' id='word_1_24' title='bbox 1233 1024 1476 1099; x_wconf 75' lang='lat' dir='ltr'><strong>injectae</strong></span> <span class='ocrx_word' id='word_1_25' title='bbox 1502 1025 1609 1083; x_wconf 87' lang='lat' dir='ltr'><strong>sub</strong></span> <span class='ocrx_word' id='word_1_26' title='bbox 1630 1022 1883 1098; x_wconf 77' lang='lat' dir='ltr'><strong>cuspidis</strong></span> <span class='ocrx_word' id='word_1_27' title='bbox 1909 1025 2025 1084; x_wconf 77' lang='lat' dir='ltr'><strong>ictu</strong></span> 
     </span>
     <span class='ocr_line' id='line_1_6' title="bbox 841 1130 2151 1205; baseline -0.002 -14"><span class='ocrx_word' id='word_1_28' title='bbox 841 1132 1081 1191; x_wconf 77' lang='lat' dir='ltr'><strong>Difficile</strong></span> <span class='ocrx_word' id='word_1_29' title='bbox 1103 1131 1416 1205; x_wconf 82' lang='lat' dir='ltr'><strong>exemplum</strong></span> <span class='ocrx_word' id='word_1_30' title='bbox 1441 1132 1631 1190; x_wconf 75' lang='lat' dir='ltr'><strong>caedis</strong></span> <span class='ocrx_word' id='word_1_31' title='bbox 1655 1130 1717 1189; x_wconf 88' lang='lat' dir='ltr'><strong>in</strong></span> <span class='ocrx_word' id='word_1_32' title='bbox 1742 1132 1863 1190; x_wconf 82' lang='lat' dir='ltr'><strong>arte</strong></span> <span class='ocrx_word' id='word_1_33' title='bbox 1884 1131 2059 1189; x_wconf 70' lang='lat' dir='ltr'><strong>dedit,</strong></span> <span class='ocrx_word' id='word_1_34' title='bbox 2083 1162 2151 1175; x_wconf 92' lang='lat'>—</span> 
     </span>
    </p>

    <p class='ocr_par' dir='ltr' id='par_1_4' title="bbox 775 1206 2243 1417">
     <span class='ocr_line' id='line_1_7' title="bbox 775 1206 2243 1311; baseline -0.002 -14"><span class='ocrx_word' id='word_1_35' title='bbox 775 1238 879 1298; x_wconf 80' lang='lat' dir='ltr'><strong>Est</strong></span> <span class='ocrx_word' id='word_1_36' title='bbox 901 1238 1001 1311; x_wconf 91' lang='lat' dir='ltr'><strong>qui</strong></span> <span class='ocrx_word' id='word_1_37' title='bbox 1029 1237 1338 1309; x_wconf 78' lang='lat' dir='ltr'><strong>continuat,</strong></span> <span class='ocrx_word' id='word_1_38' title='bbox 1363 1250 1536 1309; x_wconf 80' lang='lat' dir='ltr'><strong>quam</strong></span> <span class='ocrx_word' id='word_1_39' title='bbox 1560 1237 1713 1295; x_wconf 81' lang='lat' dir='ltr'><strong>tecta</strong></span> <span class='ocrx_word' id='word_1_40' title='bbox 1738 1206 2022 1296; x_wconf 61' lang='lat' dir='ltr'><strong>calumnia</strong></span> <span class='ocrx_word' id='word_1_41' title='bbox 2043 1238 2243 1296; x_wconf 82' lang='lat' dir='ltr'><strong>suadet</strong></span> 
     </span>
     <span class='ocr_line' id='line_1_8' title="bbox 843 1344 2125 1417; baseline -0.002 -14"><span class='ocrx_word' id='word_1_42' title='bbox 843 1345 956 1415; x_wconf 85' lang='lat' dir='ltr'><strong>Ire,</strong></span> <span class='ocrx_word' id='word_1_43' title='bbox 980 1344 1149 1403; x_wconf 71' lang='lat' dir='ltr'><strong>viam,</strong></span> <span class='ocrx_word' id='word_1_44' title='bbox 1171 1344 1380 1405; x_wconf 78' lang='lat' dir='ltr'><strong>Caveat</strong></span> <span class='ocrx_word' id='word_1_45' title='bbox 1391 1344 1409 1402; x_wconf 46' lang='lat'><strong>1⁴</strong></span> <span class='ocrx_word' id='word_1_46' title='bbox 1430 1358 1555 1403; x_wconf 81' lang='lat' dir='ltr'><strong>sum</strong></span> <span class='ocrx_word' id='word_1_47' title='bbox 1578 1358 1799 1416; x_wconf 83' lang='lat' dir='ltr'><strong>quoque</strong></span> <span class='ocrx_word' id='word_1_48' title='bbox 1823 1345 1983 1403; x_wconf 79' lang='lat' dir='ltr'><strong>sutor</strong></span> <span class='ocrx_word' id='word_1_49' title='bbox 2005 1358 2125 1417; x_wconf 83' lang='lat' dir='ltr'><strong>ego.</strong></span> 
     </span>
    </p>
   </div>
   <div class='ocr_carea' id='block_1_3' title="bbox 1421 1486 1706 1497">
    <p class='ocr_par' dir='ltr' id='par_1_5' title="bbox 1421 1486 1706 1497">
     <span class='ocr_line' id='line_1_9' title="bbox 1421 1486 1706 1497; baseline 0 0"><span class='ocrx_word' id='word_1_50' title='bbox 1421 1486 1706 1497; x_wconf 95' lang='lat' dir='ltr'><strong> </strong></span> 
     </span>
    </p>
   </div>
   <div class='ocr_carea' id='block_1_4' title="bbox 646 1586 1929 1652">
    <p class='ocr_par' dir='ltr' id='par_1_6' title="bbox 646 1586 1929 1652">
     <span class='ocr_line' id='line_1_10' title="bbox 646 1586 1929 1652; baseline -0.002 -2"><span class='ocrx_word' id='word_1_51' title='bbox 646 1590 887 1652; x_wconf 84' lang='lat' dir='ltr'><strong>xxxxnl.</strong></span> <span class='ocrx_word' id='word_1_52' title='bbox 1197 1586 1286 1648; x_wconf 80' lang='lat' dir='ltr'><strong>m</strong></span> <span class='ocrx_word' id='word_1_53' title='bbox 1323 1588 1929 1649; x_wconf 82' lang='lat' dir='ltr'><strong>FLORIMON&#39;I&#39;IUM.</strong></span> 
     </span>
    </p>
   </div>
   <div class='ocr_carea' id='block_1_5' title="bbox 769 1730 2390 3174">
    <p class='ocr_par' dir='ltr' id='par_1_7' title="bbox 770 1730 2035 1899">
     <span class='ocr_line' id='line_1_11' title="bbox 770 1730 2035 1804; baseline -0.002 -13"><span class='ocrx_word' id='word_1_54' title='bbox 770 1735 960 1791; x_wconf 72' lang='lat' dir='ltr'><strong>Gnrps</strong></span> <span class='ocrx_word' id='word_1_55' title='bbox 996 1731 1363 1804; x_wconf 76' lang='lat' dir='ltr'><strong>exspectabat.</strong></span> <span class='ocrx_word' id='word_1_56' title='bbox 1387 1730 1554 1789; x_wconf 89' lang='lat' dir='ltr'><strong>flores</strong></span> <span class='ocrx_word' id='word_1_57' title='bbox 1580 1747 1615 1789; x_wconf 84' lang='lat' dir='ltr'><strong>a</strong></span> <span class='ocrx_word' id='word_1_58' title='bbox 1644 1734 1830 1789; x_wconf 88' lang='lat' dir='ltr'><strong>monte</strong></span> <span class='ocrx_word' id='word_1_59' title='bbox 1853 1733 2035 1803; x_wconf 71' lang='lat' dir='ltr'><strong>poeta,</strong></span> 
     </span>
     <span class='ocr_line' id='line_1_12' title="bbox 838 1836 2032 1899; baseline -0.006 0"><span class='ocrx_word' id='word_1_60' title='bbox 838 1839 1102 1899; x_wconf 81' lang='lat' dir='ltr'><strong>Pasceret</strong></span> <span class='ocrx_word' id='word_1_61' title='bbox 1135 1839 1202 1895; x_wconf 89' lang='lat' dir='ltr'><strong>ut</strong></span> <span class='ocrx_word' id='word_1_62' title='bbox 1238 1853 1438 1896; x_wconf 88' lang='lat' dir='ltr'>nasum</span> <span class='ocrx_word' id='word_1_63' title='bbox 1471 1836 1697 1896; x_wconf 88' lang='lat' dir='ltr'><strong>flamine</strong></span> <span class='ocrx_word' id='word_1_64' title='bbox 1740 1838 2032 1897; x_wconf 80' lang='lat' dir='ltr'><strong>odorifero.</strong></span> 
     </span>
    </p>

    <p class='ocr_par' dir='ltr' id='par_1_8' title="bbox 769 1941 2264 2122">
     <span class='ocr_line' id='line_1_13' title="bbox 769 1941 2264 2018; baseline -0.003 -12"><span class='ocrx_word' id='word_1_65' title='bbox 769 1948 878 2006; x_wconf 85' lang='lat' dir='ltr'><strong>Sed</strong></span> <span class='ocrx_word' id='word_1_66' title='bbox 915 1945 1074 2005; x_wconf 85' lang='lat' dir='ltr'><strong>rudis</strong></span> <span class='ocrx_word' id='word_1_67' title='bbox 1109 1941 1294 2017; x_wconf 79' lang='lat' dir='ltr'><strong>upilio</strong></span> <span class='ocrx_word' id='word_1_68' title='bbox 1326 1942 1475 2016; x_wconf 85' lang='lat' dir='ltr'><strong>plus,</strong></span> <span class='ocrx_word' id='word_1_69' title='bbox 1512 1956 1681 2016; x_wconf 87' lang='lat' dir='ltr'><strong>quam</strong></span> <span class='ocrx_word' id='word_1_70' title='bbox 1718 1942 1839 2002; x_wconf 80' lang='lat' dir='ltr'><strong>sint</strong></span> <span class='ocrx_word' id='word_1_71' title='bbox 1871 1959 2009 2003; x_wconf 84' lang='lat' dir='ltr'><strong>saxa</strong></span> <span class='ocrx_word' id='word_1_72' title='bbox 2042 1944 2264 2018; x_wconf 78' lang='lat' dir='ltr'>Lycaei,</span> 
     </span>
     <span class='ocr_line' id='line_1_14' title="bbox 839 2049 2100 2122; baseline -0.002 -11"><span class='ocrx_word' id='word_1_73' title='bbox 839 2051 1054 2111; x_wconf 87' lang='lat' dir='ltr'><strong>Attulit</strong></span> <span class='ocrx_word' id='word_1_74' title='bbox 1090 2068 1126 2109; x_wconf 91' lang='lat' dir='ltr'><strong>a</strong></span> <span class='ocrx_word' id='word_1_75' title='bbox 1164 2050 1365 2109; x_wconf 88' lang='lat' dir='ltr'><strong>malvis</strong></span> <span class='ocrx_word' id='word_1_76' title='bbox 1401 2065 1541 2122; x_wconf 87' lang='lat' dir='ltr'><strong>quos</strong></span> <span class='ocrx_word' id='word_1_77' title='bbox 1580 2050 1713 2110; x_wconf 88' lang='lat' dir='ltr'><strong>dare</strong></span> <span class='ocrx_word' id='word_1_78' title='bbox 1748 2052 1905 2109; x_wconf 88' lang='lat' dir='ltr'><strong>terra</strong></span> <span class='ocrx_word' id='word_1_79' title='bbox 1939 2049 2100 2121; x_wconf 87' lang='lat' dir='ltr'><strong>solet,</strong></span> 
     </span>
    </p>

    <p class='ocr_par' dir='ltr' id='par_1_9' title="bbox 777 2138 2329 2345">
     <span class='ocr_line' id='line_1_15' title="bbox 777 2138 2329 2229; baseline -0.004 -11"><span class='ocrx_word' id='word_1_80' title='bbox 777 2159 930 2228; x_wconf 77' lang='lat' dir='ltr'><strong>Quos</strong></span> <span class='ocrx_word' id='word_1_81' title='bbox 967 2160 1025 2216; x_wconf 91' lang='lat' dir='ltr'><strong>et</strong></span> <span class='ocrx_word' id='word_1_82' title='bbox 1059 2156 1232 2215; x_wconf 87' lang='lat' dir='ltr'><strong>habet</strong></span> <span class='ocrx_word' id='word_1_83' title='bbox 1268 2138 1454 2229; x_wconf 82' lang='lat' dir='ltr'><strong>spinis</strong></span> <span class='ocrx_word' id='word_1_84' title='bbox 1487 2156 1769 2217; x_wconf 83' lang='lat' dir='ltr'><strong>admixtos</strong></span> <span class='ocrx_word' id='word_1_85' title='bbox 1806 2158 2047 2216; x_wconf 82' lang='lat' dir='ltr'><strong>earduus</strong></span> <span class='ocrx_word' id='word_1_86' title='bbox 2082 2156 2329 2216; x_wconf 85' lang='lat' dir='ltr'><strong>horrens.</strong></span> 
     </span>
     <span class='ocr_line' id='line_1_16' title="bbox 845 2262 2073 2345; baseline -0.002 -22"><span class='ocrx_word' id='word_1_87' title='bbox 845 2266 1057 2324; x_wconf 81' lang='lat' dir='ltr'><strong>Laesus</strong></span> <span class='ocrx_word' id='word_1_88' title='bbox 1097 2264 1168 2323; x_wconf 89' lang='lat' dir='ltr'><strong>ab</strong></span> <span class='ocrx_word' id='word_1_89' title='bbox 1205 2262 1298 2321; x_wconf 90' lang='lat' dir='ltr'><strong>his</strong></span> <span class='ocrx_word' id='word_1_90' title='bbox 1334 2265 1507 2345; x_wconf 77' lang='lat' dir='ltr'><strong>vateS,</strong></span> <span class='ocrx_word' id='word_1_91' title='bbox 1547 2262 1749 2336; x_wconf 83' lang='lat' dir='ltr'><strong>impete</strong></span> <span class='ocrx_word' id='word_1_92' title='bbox 1784 2262 1919 2323; x_wconf 85' lang='lat' dir='ltr'><strong>bilis</strong></span> <span class='ocrx_word' id='word_1_93' title='bbox 1956 2263 2073 2321; x_wconf 86' lang='lat' dir='ltr'><strong>ait:</strong></span> 
     </span>
    </p>

    <p class='ocr_par' dir='ltr' id='par_1_10' title="bbox 769 2368 2335 2548">
     <span class='ocr_line' id='line_1_17' title="bbox 769 2368 2293 2444; baseline -0.001 -14"><span class='ocrx_word' id='word_1_94' title='bbox 769 2404 838 2415; x_wconf 92' lang='lat'>—</span> <span class='ocrx_word' id='word_1_95' title='bbox 864 2370 1096 2444; x_wconf 79' lang='lat' dir='ltr'><strong>Rupex&#39;!</strong></span> <span class='ocrx_word' id='word_1_96' title='bbox 1135 2371 1314 2443; x_wconf 89' lang='lat' dir='ltr'><strong>stipes</strong></span> <span class='ocrx_word' id='word_1_97' title='bbox 1353 2370 1515 2443; x_wconf 85' lang='lat' dir='ltr'><strong>agri!</strong></span> <span class='ocrx_word' id='word_1_98' title='bbox 1554 2370 1753 2427; x_wconf 87' lang='lat' dir='ltr'><strong>saltem</strong></span> <span class='ocrx_word' id='word_1_99' title='bbox 1792 2368 2004 2428; x_wconf 76' lang='lat' dir='ltr'><strong>deferre</strong></span> <span class='ocrx_word' id='word_1_100' title='bbox 2041 2370 2293 2443; x_wconf 76' lang='lat' dir='ltr'><strong>genistas</strong></span> 
     </span>
     <span class='ocr_line' id='line_1_18' title="bbox 841 2475 2335 2548; baseline -0.002 -12"><span class='ocrx_word' id='word_1_101' title='bbox 841 2477 933 2536; x_wconf 80' lang='lat' dir='ltr'><strong>Ad</strong></span> <span class='ocrx_word' id='word_1_102' title='bbox 968 2490 1169 2535; x_wconf 82' lang='lat' dir='ltr'><strong>nasum</strong></span> <span class='ocrx_word' id='word_1_103' title='bbox 1209 2477 1438 2548; x_wconf 87' lang='lat' dir='ltr'><strong>poteras</strong></span> <span class='ocrx_word' id='word_1_104' title='bbox 1474 2477 1538 2532; x_wconf 88' lang='lat' dir='ltr'><strong>tu</strong></span> <span class='ocrx_word' id='word_1_105' title='bbox 1558 2517 1573 2546; x_wconf 95' lang='lat'>,</span> <span class='ocrx_word' id='word_1_106' title='bbox 1610 2475 2011 2546; x_wconf 78' lang='lat' dir='ltr'><strong>cerebrumque</strong></span> <span class='ocrx_word' id='word_1_107' title='bbox 2042 2491 2241 2533; x_wconf 89' lang='lat' dir='ltr'><strong>meum.</strong></span> <span class='ocrx_word' id='word_1_108' title='bbox 2264 2507 2335 2517; x_wconf 93' lang='lat'>-</span> 
     </span>
    </p>

    <p class='ocr_par' dir='ltr' id='par_1_11' title="bbox 770 2578 2329 2760">
     <span class='ocr_line' id='line_1_19' title="bbox 770 2578 2329 2655; baseline -0.002 -15"><span class='ocrx_word' id='word_1_109' title='bbox 770 2581 990 2655; x_wconf 87' lang='lat' dir='ltr'><strong>Upilio,</strong></span> <span class='ocrx_word' id='word_1_110' title='bbox 1027 2595 1198 2653; x_wconf 85' lang='lat' dir='ltr'><strong>prope</strong></span> <span class='ocrx_word' id='word_1_111' title='bbox 1235 2578 1442 2638; x_wconf 77' lang='lat' dir='ltr'><strong>mentis</strong></span> <span class='ocrx_word' id='word_1_112' title='bbox 1476 2595 1652 2652; x_wconf 86' lang='lat' dir='ltr'><strong>egens</strong></span> <span class='ocrx_word' id='word_1_113' title='bbox 1672 2622 1688 2650; x_wconf 91' lang='lat'>‚</span> <span class='ocrx_word' id='word_1_114' title='bbox 1726 2579 1871 2638; x_wconf 83' lang='lat' dir='ltr'><strong>haec</strong></span> <span class='ocrx_word' id='word_1_115' title='bbox 1904 2595 2040 2639; x_wconf 84' lang='lat' dir='ltr'><strong>voce</strong></span> <span class='ocrx_word' id='word_1_116' title='bbox 2076 2581 2329 2654; x_wconf 89' lang='lat' dir='ltr'><strong>reponit:</strong></span> 
     </span>
     <span class='ocr_line' id='line_1_20' title="bbox 842 2685 2102 2760; baseline -0.001 -14"><span class='ocrx_word' id='word_1_117' title='bbox 842 2716 910 2733; x_wconf 89' lang='grc'><em>--·-</em></span> <span class='ocrx_word' id='word_1_118' title='bbox 946 2689 1070 2746; x_wconf 87' lang='lat' dir='ltr'><strong>Has</strong></span> <span class='ocrx_word' id='word_1_119' title='bbox 1108 2703 1213 2760; x_wconf 87' lang='lat' dir='ltr'><strong>ego</strong></span> <span class='ocrx_word' id='word_1_120' title='bbox 1253 2687 1488 2746; x_wconf 81' lang='lat' dir='ltr'><strong>delicias</strong></span> <span class='ocrx_word' id='word_1_121' title='bbox 1524 2685 1676 2745; x_wconf 88' lang='lat' dir='ltr'><strong>inter</strong></span> <span class='ocrx_word' id='word_1_122' title='bbox 1714 2701 1903 2745; x_wconf 85' lang='lat' dir='ltr'><strong>amare</strong></span> <span class='ocrx_word' id='word_1_123' title='bbox 1938 2699 2067 2746; x_wconf 88' lang='lat' dir='ltr'><strong>sues</strong></span> <span class='ocrx_word' id='word_1_124' title='bbox 2086 2729 2102 2757; x_wconf 91' lang='lat'>‚</span> 
     </span>
    </p>

    <p class='ocr_par' dir='ltr' id='par_1_12' title="bbox 771 2789 2390 2974">
     <span class='ocr_line' id='line_1_21' title="bbox 771 2789 2390 2868; baseline 0.001 -15"><span class='ocrx_word' id='word_1_125' title='bbox 771 2795 850 2853; x_wconf 82' lang='lat' dir='ltr'><strong>Et</strong></span> <span class='ocrx_word' id='word_1_126' title='bbox 882 2809 1084 2862; x_wconf 65' lang='lat' dir='ltr'><strong>vaccas</strong></span> <span class='ocrx_word' id='word_1_127' title='bbox 1121 2793 1331 2852; x_wconf 80' lang='lat' dir='ltr'><strong>didici:</strong></span> <span class='ocrx_word' id='word_1_128' title='bbox 1369 2794 1531 2853; x_wconf 87' lang='lat' dir='ltr'><strong>stant</strong></span> <span class='ocrx_word' id='word_1_129' title='bbox 1564 2793 1671 2852; x_wconf 83' lang='lat' dir='ltr'><strong>sub</strong></span> <span class='ocrx_word' id='word_1_130' title='bbox 1700 2789 1847 2867; x_wconf 72' lang='lat' dir='ltr'><strong>juga</strong></span> <span class='ocrx_word' id='word_1_131' title='bbox 1880 2793 2055 2867; x_wconf 84' lang='lat' dir='ltr'><strong>longa</strong></span> <span class='ocrx_word' id='word_1_132' title='bbox 2090 2795 2349 2868; x_wconf 80' lang='lat' dir='ltr'><strong>genistae</strong></span> <span class='ocrx_word' id='word_1_133' title='bbox 2375 2813 2390 2864; x_wconf 91' lang='lat'>;</span> 
     </span>
     <span class='ocr_line' id='line_1_22' title="bbox 839 2899 2179 2974; baseline -0.001 -13"><span class='ocrx_word' id='word_1_134' title='bbox 839 2900 1089 2962; x_wconf 83' lang='lat' dir='ltr'><strong>Inferius</strong></span> <span class='ocrx_word' id='word_1_135' title='bbox 1125 2899 1296 2974; x_wconf 85' lang='lat' dir='ltr'><strong>positi</strong></span> <span class='ocrx_word' id='word_1_136' title='bbox 1331 2915 1434 2960; x_wconf 91' lang='lat' dir='ltr'><strong>nos</strong></span> <span class='ocrx_word' id='word_1_137' title='bbox 1471 2900 1797 2960; x_wconf 75' lang='lat' dir='ltr'><strong>habitamus</strong></span> <span class='ocrx_word' id='word_1_138' title='bbox 1836 2901 2084 2960; x_wconf 88' lang='lat' dir='ltr'><strong>humum.</strong></span> <span class='ocrx_word' id='word_1_139' title='bbox 2113 2931 2179 2944; x_wconf 86' lang='lat'>—</span> 
     </span>
    </p>

    <p class='ocr_par' dir='ltr' id='par_1_13' title="bbox 771 3005 2257 3174">
     <span class='ocr_line' id='line_1_23' title="bbox 771 3005 2205 3066; baseline -0.002 0"><span class='ocrx_word' id='word_1_140' title='bbox 771 3040 841 3053; x_wconf 89' lang='lat'><strong>—</strong></span> <span class='ocrx_word' id='word_1_141' title='bbox 863 3007 1136 3066; x_wconf 83' lang='lat' dir='ltr'><strong>Tantalus</strong></span> <span class='ocrx_word' id='word_1_142' title='bbox 1171 3021 1204 3066; x_wconf 91' lang='lat' dir='ltr'>o</span> <span class='ocrx_word' id='word_1_143' title='bbox 1241 3006 1461 3066; x_wconf 86' lang='lat' dir='ltr'><strong>utinam</strong></span> <span class='ocrx_word' id='word_1_144' title='bbox 1495 3005 1601 3066; x_wconf 87' lang='lat' dir='ltr'><strong>fias</strong></span> <span class='ocrx_word' id='word_1_145' title='bbox 1635 3007 1928 3066; x_wconf 82' lang='lat' dir='ltr'><strong>habitator</strong></span> <span class='ocrx_word' id='word_1_146' title='bbox 1960 3005 2205 3066; x_wconf 85' lang='lat' dir='ltr'><strong>Averni!</strong></span> 
     </span>
     <span class='ocr_line' id='line_1_24' title="bbox 841 3115 2257 3174; baseline -0.001 -2"><span class='ocrx_word' id='word_1_147' title='bbox 841 3116 953 3173; x_wconf 83' lang='lat' dir='ltr'><strong>Hic</strong></span> <span class='ocrx_word' id='word_1_148' title='bbox 989 3115 1086 3174; x_wconf 89' lang='lat' dir='ltr'><strong>ubi</strong></span> <span class='ocrx_word' id='word_1_149' title='bbox 1121 3115 1237 3173; x_wconf 87' lang='lat' dir='ltr'><strong>tres</strong></span> <span class='ocrx_word' id='word_1_150' title='bbox 1286 3117 1433 3173; x_wconf 81' lang='lat' dir='ltr'><strong>Vati</strong></span> <span class='ocrx_word' id='word_1_151' title='bbox 1455 3119 1487 3150; x_wconf 70' lang='lat'><strong>⁴²</strong></span> <span class='ocrx_word' id='word_1_152' title='bbox 1526 3129 1636 3174; x_wconf 89' lang='lat' dir='ltr'><strong>non</strong></span> <span class='ocrx_word' id='word_1_153' title='bbox 1672 3129 1913 3174; x_wconf 81' lang='lat' dir='ltr'><strong>noeuere</strong></span> <span class='ocrx_word' id='word_1_154' title='bbox 1951 3130 2155 3173; x_wconf 78' lang='lat' dir='ltr'><strong>canes.</strong></span> <span class='ocrx_word' id='word_1_155' title='bbox 2188 3146 2257 3156; x_wconf 88' lang='lat'>—</span> 
     </span>
    </p>
   </div>
   <div class='ocr_carea' id='block_1_6' title="bbox 1433 3255 1694 3268">
    <p class='ocr_par' dir='ltr' id='par_1_14' title="bbox 1433 3255 1694 3268">
     <span class='ocr_line' id='line_1_25' title="bbox 1433 3255 1694 3268; baseline 0 1667"><span class='ocrx_word' id='word_1_156' title='bbox 1433 3255 1694 3268; x_wconf 95' lang='lat' dir='ltr'><strong> </strong></span> 
     </span>
    </p>
   </div>
   <div class='ocr_carea' id='block_1_7' title="bbox 647 3335 2053 3508">
    <p class='ocr_par' dir='ltr' id='par_1_15' title="bbox 647 3335 2053 3508">
     <span class='ocr_line' id='line_1_26' title="bbox 647 3335 2053 3419; baseline -0.001 -1"><span class='ocrx_word' id='word_1_157' title='bbox 647 3335 913 3419; x_wconf 71' lang='lat' dir='ltr'><strong>xxxx&#39;nfl.</strong></span> <span class='ocrx_word' id='word_1_158' title='bbox 1075 3359 1667 3418; x_wconf 56' lang='lat' dir='ltr'><strong>nn‘TYRAnmnn</strong></span> <span class='ocrx_word' id='word_1_159' title='bbox 1703 3359 2053 3418; x_wconf 75' lang='lat' dir='ltr'><strong>Punmms</strong></span> 
     </span>
     <span class='ocr_line' id='line_1_27' title="bbox 1267 3447 1863 3508; baseline 0 -2"><span class='ocrx_word' id='word_1_160' title='bbox 1267 3447 1863 3508; x_wconf 72' lang='lat' dir='ltr'><strong>ms‘m&#39;ru‘moms</strong></span> 
     </span>
    </p>
   </div>
   <div class='ocr_carea' id='block_1_8' title="bbox 774 3557 2291 3771">
    <p class='ocr_par' dir='ltr' id='par_1_16' title="bbox 774 3557 2291 3771">
     <span class='ocr_line' id='line_1_28' title="bbox 774 3557 2291 3665; baseline -0.001 -15"><span class='ocrx_word' id='word_1_161' title='bbox 774 3593 926 3650; x_wconf 72' lang='lat' dir='ltr'><strong>Sum</strong></span> <span class='ocrx_word' id='word_1_162' title='bbox 963 3593 1060 3665; x_wconf 88' lang='lat' dir='ltr'><strong>qui</strong></span> <span class='ocrx_word' id='word_1_163' title='bbox 1099 3590 1452 3664; x_wconf 85' lang='lat' dir='ltr'><strong>praecipiant</strong></span> <span class='ocrx_word' id='word_1_164' title='bbox 1487 3607 1598 3664; x_wconf 89' lang='lat' dir='ltr'><strong>res,</strong></span> <span class='ocrx_word' id='word_1_165' title='bbox 1635 3591 1797 3664; x_wconf 83' lang='lat' dir='ltr'><strong>queis</strong></span> <span class='ocrx_word' id='word_1_166' title='bbox 1832 3591 2039 3651; x_wconf 85' lang='lat' dir='ltr'><strong>natura</strong></span> <span class='ocrx_word' id='word_1_167' title='bbox 2075 3557 2291 3650; x_wconf 78' lang='lat' dir='ltr'><strong>resistit</strong></span> 
     </span>
     <span class='ocr_line' id='line_1_29' title="bbox 843 3697 2191 3771; baseline 0.001 -16"><span class='ocrx_word' id='word_1_168' title='bbox 843 3699 1108 3769; x_wconf 84' lang='lat' dir='ltr'><strong>Parvula,</strong></span> <span class='ocrx_word' id='word_1_169' title='bbox 1144 3697 1424 3756; x_wconf 80' lang='lat' dir='ltr'><strong>curriculo</strong></span> <span class='ocrx_word' id='word_1_170' title='bbox 1459 3715 1564 3757; x_wconf 84' lang='lat' dir='ltr'><strong>nec</strong></span> <span class='ocrx_word' id='word_1_171' title='bbox 1600 3699 1742 3758; x_wconf 86' lang='lat' dir='ltr'><strong>satis</strong></span> <span class='ocrx_word' id='word_1_172' title='bbox 1781 3701 1917 3771; x_wconf 86' lang='lat' dir='ltr'><strong>apta</strong></span> <span class='ocrx_word' id='word_1_173' title='bbox 1950 3698 2191 3758; x_wconf 82' lang='lat' dir='ltr'><strong>scholae.</strong></span> 
     </span>
    </p>
   </div>
   <div class='ocr_carea' id='block_1_9' title="bbox 810 3900 1209 3965">
    <p class='ocr_par' dir='ltr' id='par_1_17' title="bbox 810 3900 1209 3965">
     <span class='ocr_line' id='line_1_30' title="bbox 810 3900 1209 3965; baseline 0 -14"><span class='ocrx_word' id='word_1_174' title='bbox 810 3905 824 3924; x_wconf 88' lang='lat'><strong>&#39;¹</strong></span> <span class='ocrx_word' id='word_1_175' title='bbox 849 3903 898 3951; x_wconf 53' lang='lat' dir='ltr'><strong>ic</strong></span> <span class='ocrx_word' id='word_1_176' title='bbox 914 3917 959 3950; x_wconf 76' lang='lat' dir='ltr'><strong>e.</strong></span> <span class='ocrx_word' id='word_1_177' title='bbox 995 3900 1209 3965; x_wconf 77' lang='lat' dir='ltr'><strong>Orpheo,</strong></span> 
     </span>
    </p>
   </div>
  </div>
 </body>
</html>
