2996 4935
1161 609 1521 652 maumam.
2182 589 2245 644 13

611 719 1112 780 Circumsistebant
1135 718 1384 776 famulae
1403 717 1780 788 nequidquam
1806 715 1969 774 libris

611 811 952 896 HaerentoS,
978 826 1028 884 si
1054 841 1194 897 quas
1221 843 1289 882 ex
1312 824 1523 898 ignotis
1546 823 1769 881 litteras

613 935 945 1007 Arriperent
971 931 1250 992 institutis
1275 931 1622 1004 praescripto
1658 929 1837 988 novis.

613 1041 762 1099 Avia
785 1041 1076 1099 contracta
1103 1038 1294 1110 pensis
1315 1039 1412 1096 sed
1439 1036 1763 1096 domesticis

613 1146 1014 1205 Admirabatur
1040 1145 1390 1203 adfectantes
1419 1143 1597 1201 ullius

612 1251 914 1310 Doctrinae
937 1265 1198 1308 numeros
1223 1265 1395 1322 supra
1421 1251 1645 1322 captum
1670 1248 1728 1305 et
1752 1247 1996 1306 indolem

613 1357 905 1427 Servilem‚
931 1356 1169 1415 lanificii
1197 1372 1322 1414 cum
1348 1354 1603 1420 fastidio.

685 1465 865 1536 Caput
889 1463 937 1519 it
964 1464 1025 1520 in
1051 1480 1250 1534 gyrum
1275 1477 1544 1533 namque,
1571 1463 1701 1520 dum
1732 1462 1954 1520 cessant
1983 1475 2181 1518 manns

613 1555 886 1630 Venando
925 1585 1090 1628 curas
1116 1572 1274 1628 extra
1299 1570 1541 1642 parietes
1574 1569 1798 1640 domne,

615 1677 916 1748 Nunquam
940 1677 1281 1749 vagabunda
1309 1675 1418 1732 fuit
1441 1676 1541 1733 ubi
1568 1675 1839 1735 sollertia.

418 1943 630 2002 xxvnI.
773 1891 1161 1998 'MAGIS'fiER
1198 1938 1294 1996 ET
1333 1941 1594 1997 MATER
1630 1941 1882 1998 PUERI.

613 2099 918 2156 Mnels'rnn
940 2097 1218 2156 oricillam
1246 2097 1448 2156 vellere
1475 2098 1632 2170 pueri

610 2207 756 2263 Dum
781 2204 934 2272 vult,
959 2205 1022 2260 ut
1045 2203 1368 2262 admoneret
1393 2205 1460 2262 de
1484 2203 1775 2262 mendacio

616 2312 690 2369 In
713 2329 771 2369 re
797 2311 1077 2384 praesenti
1109 2312 1313 2380 ‚mater
1335 2310 1632 2368 irritabilis

613 2417 902 2477 Crudelem
928 2415 1074 2475 dixit
1097 2417 1334 2476 eundem
1349 2459 1364 2487 ‚
1389 2418 1447 2475 et
1473 2432 1579 2475 usu
1606 2387 1933 2477 barbarum.

608 2526 884 2599 Magister-
906 2524 1188 2597 explicata
1210 2525 1394 2583 fronte
1407 2567 1422 2595 ,
1449 2525 1649 2584 liberis

611 2629 686 2689 Et
709 2631 897 2691 verbis
923 2631 1007 2689 sic
1035 2632 1358 2705 redarguit:
1385 2664 1453 2674 —
1481 2632 1704 2691 Habeto
1731 2633 1837 2689 tibi

611 2739 854 2797 Incauta
875 2739 1082 2808 mater,
1107 2738 1304 2796 habitu
1329 2740 1426 2811 qui
1451 2738 1715 2799 fallaciae

612 2845 683 2902 In
710 2860 888 2907 annos
915 2846 1092 2916 angat
1114 2845 1171 2901 te
1199 2845 1484 2903 venientes
1501 2888 1517 2916 ‚
1540 2846 1598 2903 et
1621 2846 1769 2904 ferat

615 2948 920 3008 Clementis
945 2949 1279 3022 disciplinae
1305 2950 1524 3009 fructus
1555 2951 1811 3023 perfidos.

1165 3092 1268 3101 0-—

434 3215 658 3273 xxva.
1028 3212 1162 3272 VIR
1195 3212 1641 3271 BENEFIOUS.

618 3374 940 3432 Bennrrcus
964 3373 1053 3431 vir
1077 3390 1136 3431 se
1164 3374 1434 3447 largitate
1459 3354 1755 3447 brodigum

620 3480 794 3548 Quasi
819 3480 1218 3554 comprobabat
1243 3497 1408 3540 caeca
1432 3480 1760 3539 munificens
1786 3495 1953 3538 mann
1968 3523 1982 3551 ,

620 3586 1033 3658 Indignabatur
1061 3586 1364 3645 referentes
1391 3589 1449 3644 et
1469 3586 1733 3660 gratiam.

621 3690 766 3749 Male
793 3692 1054 3750 audiebat
1076 3692 1200 3749 ideo
1227 3708 1411 3750 coram
1437 3692 1785 3764 aequalibus,

619 3796 752 3853 Fuit
775 3797 871 3867 qui
895 3798 1175 3855 moneret:
1199 3828 1269 3839 -
1294 3797 1416 3869 Age
1440 3797 1581 3855 mihi
1606 3799 1893 3857 carissime

623 3902 852 3972 Rerum,
879 3903 974 3973 qui
1000 3902 1194 3962 doctus
1220 3920 1278 3962 es
1305 3906 1413 3975 tot,
1441 3906 1605 3961 tanta
1630 3905 1687 3963 et
1712 3906 1968 3983 maximis
