2996 4935
1283 663 1562 727 nussum.
2278 650 2346 704 55

625 771 718 829 Sic
751 772 1048 845 ablegatur
1073 773 1348 833 violenter
1373 772 1430 831 id
1455 786 1617 831 omne
1642 772 1791 843 quod
1819 787 2055 843 aequum
2084 775 2195 841 est3
2294 826 2312 848 χ

698 878 1074 951 ‚justitiaeque
1091 879 1292 953 jugum
1318 876 1529 937 'dicitur
1553 894 1675 935 esse
1700 877 1849 947 leve,

629 984 942 1044 Fraudibus
969 985 1192 1043 arbitrii
1216 1000 1554 1057 quamquam
1580 985 1938 1057 experiantur
1969 984 2239 1056 iniquum,

698 1090 868 1159 Queis
891 1091 1096 1149 eratin
1121 1092 1266 1151 votis
1291 1091 1471 1165 patris
1496 1107 1680 1149 amore
1706 1090 1846 1161 regi.
1873 1122 1942 1132 —

506 1356 812 1414 xxxxvml.
874 1356 1095 1415 omns
1123 1356 1541 1415 TERRARUM
1569 1355 1663 1413 ΕΤ
1688 1324 2016 1437 TEnPUS„

559 1516 682 1573 Onu
705 1516 924 1601 ratione
949 1533 1052 1575 sua
1076 1517 1196 1575 stat
1223 1516 1513 1589 Temporis
1538 1523 1668 1575 ante
1695 1516 1951 1581 tribuual

627 1623 738 1691 Qui
761 1622 915 1697 viget
940 1637 1118 1695 usque
1137 1638 1338 1686 ,recens
1369 1621 1569 1693 Orbis,
1589 1628 1649 1681 et
1672 1637 1793 1681 esse
1821 1624 1981 1681 vetus

561 1728 781 1787 Dicitur
803 1728 920 1800 his,
945 1744 1178 1803 quorum
1205 1736 1295 1787 est
1318 1729 1551 1787 miscere
1582 1728 1856 1787 vocabula
1880 1720 2107 1798 rerum,

631 1834 770 1893 Puls
797 1850 914 1894 una
939 1835 1242 1895 exstructis
1268 1835 1371 1893 fiat
1394 1836 1460 1893 ut
1484 1834 1755 1893 historiis.

563 1942 800 2014 Tempus
825 1942 928 1998 ait:
958 1973 1026 1988 --
1052 1942 1198 2011 Quid
1224 1943 1285 1999 tu
1312 1942 1373 1998 in
1404 1942 1597 2013 partes
1624 1941 1803 2000 divise
1829 1945 2134 2014 quaternas
2144 1986 2164 2013 .‚

630 2048 748 2105 Aut
772 2049 940 2105 etiam
965 2048 1201 2119 quinas,
1224 2047 1578 2119 parturiente
1602 2048 1744 2105 mari
1762 2090 1777 2117 ,

565 2155 711 2225 Quid
738 2154 1052 2228 profecisti,
1078 2155 1215 2213 mihi
1241 2154 1503 2228 eonjugis
1527 2155 1697 2226 atque
1724 2154 1933 2213 sororis

635 2263 788 2321 Pone
813 2261 1204 2335 magisterium
1229 2260 1428 2331 Sertis,
1454 2261 1621 2318 eunte
1649 2262 1775 2319 rota
1797 2260 1821 2317 2

566 2368 870 2440 Sperabam
896 2366 1192 2441 Babylona
1214 2366 1324 2425 tibi
1350 2382 1476 2426 cum
1503 2368 1657 2425 turre
1682 2381 1907 2425 suorum

637 2475 907 2549 Exemplo
943 2477 1094 2546 fore,
1127 2491 1198 2534 ne
1221 2479 1276 2534 te
1304 2475 1436 2534 dare
1463 2472 1671 2533 mentis
1695 2473 1861 2546 inops

571 2580 642 2639 In
667 2599 936 2655 praeceps
961 2583 1137 2642 velles
1161 2581 1444 2656 vertigine
1470 2581 1685 2653 captus.
1709 2580 1905 2639 Habes
1931 2597 2079 2639 nunc

636 2689 795 2758 Quod
821 2689 998 2747 vitare
1024 2689 1121 2761 pia
1143 2689 1233 2748 fas
1256 2690 1379 2747 erat
1403 2702 1582 2760 usque
1607 2687 1733 2746 fide.
1986 2761 1997 2772 .

521 2803 528 2810 ‘
568 2795 918 2868 Linguamm
942 2795 1119 2853 nodos
1144 2794 1408 2866 quisnam
1433 2793 1772 2865 explicuisse
1798 2795 1885 2852 tot
1908 2768 2053 2854 inter

640 2900 714 2956 Te
740 2899 995 2972 poterit?
1031 2897 1240 2956 Persas
1265 2901 1277 2954 1
1321 2913 1561 2970 namque
1586 2899 1767 2970 perire
1794 2900 1980 2959 datur.

569 3007 694 3065 Hoc
727 3021 899 3063 unum
936 3005 1046 3064 tibi
1086 3008 1286 3065 restat.
1329 3006 1452 3080 Ego
1487 3009 1589 3064 tua
1625 3005 1744 3064 fata
1781 3011 2065 3080 superstes

644 3113 904 3171 Narrabo
941 3113 1166 3188 generi,
1204 3112 1352 3186 legis
1388 3129 1603 3183 amore,
1642 3129 1801 3172 novo.
1828 3145 1898 3156 —

575 3219 744 3278 Orbis
764 3220 836 3278 ad
855 3221 1016 3278 haeo:
1042 3251 1111 3261 —-
1129 3218 1274 3288 Quid
1292 3219 1441 3276 enim
1465 3219 1760 3276 insimulas
1778 3235 1863 3277 me
1887 3217 2135 3280 criminis
2156 3219 2251 3294 huj
2260 3223 2359 3280 us?

645 3328 856 3386 Excute
891 3329 1164 3397 rectores,
1201 3328 1442 3399 Tempus
1481 3325 1682 3398 inane,
1718 3342 1885 3385 meoS.

574 3435 724 3504 Quos
760 3436 912 3495 Deus
946 3451 1066 3494 esse
1103 3434 1283 3506 dedit,
1321 3433 1501 3506 eolui;
1536 3449 1643 3492 neo
1677 3449 1837 3510 posse
1874 3435 2070 3507 putavi

646 3542 738 3600 Ire
775 3559 1022 3616 unquam
1061 3542 1346 3614 obliquos,
1382 3540 1827 3619 praecipitesque
1866 3540 1984 3598 viis.

575 3650 828 3707 Naturae
865 3649 1078 3707 violare
1113 3651 1296 3706 sinum
1335 3648 1557 3720 voluere
1594 3648 1835 3730 repertis,

647 3756 904 3826 DivitiiS,
941 3758 1000 3815 et
1035 3773 1093 3814 se
1130 3755 1359 3842 perdere
1398 3755 1659 3814 avaritie.

579 3863 884 3936 Obstupui,
922 3863 1176 3936 ingemui·
1211 3862 1611 3936 nequidquam,
1652 3862 1792 3921 mole
1830 3864 2073 3922 rotunda

655 3973 762 4028 Per
794 3971 960 4044 juga,
1002 3987 1098 4044 per
1135 3971 1338 4040 vallem,
1377 3988 1476 4044 por
1514 3987 1660 4031 mare
1698 3971 1883 4032 laesus
1920 3989 2041 4042 eg0.
