2996 4935
1236 641 1503 688 Emeum
1513 671 1525 685 .
1556 667 1571 686 .·

460 827 628 868 xxxv.
733 811 833 868 DE
883 806 1362 876 VIOLA'HQNE
1402 806 1621 866 ARTIS
1664 807 2015 868 MUSICAE.

590 972 781 1030 Omm
819 971 877 1028 vi
916 971 1035 1028 fieri
1075 985 1228 1028 nuuc
1265 968 1507 1028 accidit:
1546 969 1673 1041 ipsa
1710 968 1940 1026 videtur

657 1079 877 1137 Musica
913 1093 1004 1135 res
1039 1077 1285 1135 numeris
1322 1076 1607 1147 omnibu3‚
1646 1078 1814 1149 atque
1852 1077 2033 1136 modis

595 1186 899 1260 conjurare
937 1185 1091 1257 pium
1127 1187 1188 1241 in
1227 1199 1474 1254 sensum,
1510 1185 1815 1256 aspernata
1849 1185 2092 1256 priorum

661 1293 856 1370 Pensa·
881 1275 1307 1365 magistrorum,
1347 1288 1547 1350 Gratia
1582 1307 1721 1363 quos
1758 1290 1899 1349 aluit

585 1401 881 1472 Princeps,
911 1401 970 1458 et
995 1399 1181 1460 scenis
1205 1399 1363 1457 dedit
1385 1415 1507 1457 esse
1532 1400 1594 1456 in
1620 1398 1830 1457 honore
1857 1413 2089 1456 coronae
2106 1442 2121 1468 ‚

655 1509 838 1581 Atque
863 1507 1100 1566 salutari
1123 1507 1420 1579 plausibus
1448 1507 1601 1564 iriter
1624 1522 1778 1578 opus,

583 1615 808 1674 Rossini
830 1615 870 1672 J
873 1615 1120 1685 (iachim,
1157 1614 1399 1687 poteris,
1418 1686 1423 1691 ⁸
1441 1606 1735 1672 dulcedine
1764 1613 1964 1672 cantus
2068 1621 2073 1630 ’

651 1721 1015 1793 Posthabita,
1053 1721 1333 1779 interdum
1372 1721 1567 1778 cedere
1604 1720 1749 1778 forte
1786 1720 1913 1779 loco
1934 1763 1949 1790 ‚

579 1830 658 1889 Ut
679 1829 780 1887 fiat
801 1829 1100 1901 strepituS‚
1125 1830 1311 1887 castas
1334 1829 1432 1900 qui
1457 1828 1715 1886 vulneret
1739 1809 1929 1898 aurea,

649 1935 845 1994 Gratia
879 1936 976 1992 sed
1011 1935 1197 1994 tecum
1232 1935 1388 1992 vivet
1426 1935 1489 1992 in
1526 1950 1625 1992 ore
1657 1934 1876 1992 virum:

579 2043 770 2114 Vivet,
809 2044 872 2100 ut
907 2040 1112 2098 Italiae
1151 2039 1348 2109 decue,
1387 2042 1445 2097 et
1479 2039 1659 2111 pudor
1696 2041 1836 2098 artis
1874 2042 2145 2099 honestae

646 2148 957 2207 comminui
997 2147 1228 2204 externa
1263 2161 1375 2203 non
1414 2145 1667 2217 patiatur
1704 2159 1823 2216 epe.
1903 2215 1909 2220 .

455 2414 646 2473 xxxvl.
1028 2412 1382 2472 HIRUNDO
1435 2413 1711 2472 REDUX.

578 2576 734 2635 Ecca
760 2578 962 2635 iterum
990 2578 1184 2637 domus
1208 2578 1346 2637 haec
1373 2578 1695 2637 celebratur
1724 2576 2031 2635 hirundine
2060 2575 2217 2633 nidis

644 2685 952 2759 Suspensa,
979 2685 1144 2745 exilio
1169 2701 1311 2758 quae
1337 2686 1537 2757 procul
1561 2702 1681 2745 esse
1707 2685 1863 2743 tulit.

574 2791 780 2862 Sponte
805 2791 981 2849 redit:
1004 2807 1165 2849 nemo
1192 2790 1273 2847 sit
1296 2792 1394 2862 qui
1419 2793 1649 2850 turbare
1681 2794 1969 2863 receptam

643 2898 897 2972 Audeat,
925 2897 1141 2969 etquid
1167 2898 1306 2970 agat
1333 2896 1476 2955 velle
1502 2897 1691 2955 videre
1717 2897 1922 2971 palam.

574 3002 756 3062 Mater
781 3004 917 3074 erit3
943 3003 1087 3061 feret
1111 3018 1242 3072 ova,
1271 3002 1477 3075 quibus
1506 3019 1631 3061 cum
1662 3020 1925 3075 compare
1950 3003 2089 3059 tecti

642 3110 911 3179 Incubet,
935 3111 993 3167 et
1016 3109 1200 3167 foetus
1225 3109 1452 3167 nutriat
1478 3110 1615 3167 inde
1639 3125 1790 3168 suos,
1881 3125 1887 3129 ·

580 3217 796 3275 Cuncta
819 3215 989 3275 silere
1016 3216 1178 3275 decet
1203 3215 1356 3273 circa
1385 3216 1664 3290 mysteria
1690 3215 1843 3273 vitae

643 3324 791 3380 Ante
821 3324 1150 3397 peregrinae
1177 3323 1569 3396 simplicitatis
1596 3338 1750 3381 aves,

573 3428 826 3487 Candida
848 3424 1182 3501 simplicitas
1199 3430 1533 3505 jamdudum
1560 3412 1813 3487 moribus
1842 3429 1972 3487 exul

647 3533 896 3595 Dissidet
920 3552 955 3594 a
977 3538 1220 3607 nostris;
1243 3537 1450 3595 semine
1478 3538 1643 3594 nulla
1668 3553 1783 3595 suo,
1980 3538 1988 3545 '
2036 3512 2045 3517 ⁹

576 3640 702 3699 Sint
722 3656 864 3713 quae
887 3657 992 3700 nos
1019 3642 1258 3701 doceant
1284 3642 1507 3701 excelsa
1532 3662 1566 3701 a
1592 3644 1723 3701 sede
1752 3643 2007 3703 volucres
2027 3686 2040 3711 ‚

645 3748 867 3807 Secreto
889 3748 1009 3807 fieri
1035 3750 1184 3820 quod
1214 3765 1477 3820 reparare
1496 3748 1689 3822 juvat3

577 3854 948 3923 Quantumvis
974 3856 1119 3915 ratio
1146 3854 1284 3913 velit
1305 3856 1594 3929 impietate
1622 3858 1867 3929 superba

647 3960 921 4019 Naturam
951 3960 1164 4019 intuitu
1188 3962 1498 4023 sollicitare
1525 3963 1689 4023 malo.
1719 3996 1787 4007 -

2226 631 2299 687 49
