<?xml version="1.0" encoding="UTF-8"?>
<!DOCTYPE html PUBLIC "-//W3C//DTD XHTML 1.0 Transitional//EN"
    "http://www.w3.org/TR/xhtml1/DTD/xhtml1-transitional.dtd">
<html xmlns="http://www.w3.org/1999/xhtml" xml:lang="en" lang="en">
 <head>
  <title>
</title>
<meta http-equiv="Content-Type" content="text/html;charset=utf-8" />
  <meta name='ocr-system' content='tesseract 3.04.00' />
  <meta name='ocr-capabilities' content='ocr_page ocr_carea ocr_par ocr_line ocrx_word'/>
</head>
<body>
  <div class='ocr_page' id='page_1' title='image "./alois00ferrgoog_0146.png"; bbox 0 0 2996 4935; ppageno 0'>
   <div class='ocr_carea' id='block_1_1' title="bbox 732 597 1879 656">
    <p class='ocr_par' dir='ltr' id='par_1_1' title="bbox 732 597 1879 656">
     <span class='ocr_line' id='line_1_1' title="bbox 732 597 1879 656; baseline -0.001 -3"><span class='ocrx_word' id='word_1_1' title='bbox 732 597 804 653; x_wconf 80' lang='lat'>50</span> <span class='ocrx_word' id='word_1_2' title='bbox 1401 610 1455 652; x_wconf 78' lang='grc' dir='ltr'>Α.</span> <span class='ocrx_word' id='word_1_3' title='bbox 1492 614 1542 654; x_wconf 85' lang='grc'><strong>0.</strong></span> <span class='ocrx_word' id='word_1_4' title='bbox 1580 608 1879 656; x_wconf 68' lang='lat' dir='ltr'>mammon</span> 
     </span>
    </p>
   </div>
   <div class='ocr_carea' id='block_1_2' title="bbox 618 773 2030 848">
    <p class='ocr_par' dir='ltr' id='par_1_2' title="bbox 618 773 2030 848">
     <span class='ocr_line' id='line_1_2' title="bbox 618 773 2030 848; baseline 0 -19"><span class='ocrx_word' id='word_1_5' title='bbox 618 839 627 848; x_wconf 54' lang='grc'><strong>,</strong></span> <span class='ocrx_word' id='word_1_6' title='bbox 724 773 942 832; x_wconf 73' lang='lat' dir='ltr'>mm.</span> <span class='ocrx_word' id='word_1_7' title='bbox 1247 773 1488 832; x_wconf 72' lang='lat' dir='ltr'>mvn)</span> <span class='ocrx_word' id='word_1_8' title='bbox 1526 773 1619 832; x_wconf 75' lang='grc' dir='ltr'>ΕΤ</span> <span class='ocrx_word' id='word_1_9' title='bbox 1653 773 2030 834; x_wconf 48' lang='lat' dir='ltr'>simonos.</span> 
     </span>
    </p>
   </div>
   <div class='ocr_carea' id='block_1_3' title="bbox 837 932 2471 2183">
    <p class='ocr_par' dir='ltr' id='par_1_3' title="bbox 847 932 2305 1114">
     <span class='ocr_line' id='line_1_3' title="bbox 847 932 2305 1008; baseline 0.001 -18"><span class='ocrx_word' id='word_1_10' title='bbox 847 933 1077 991; x_wconf 67' lang='grc'><strong>91191011</strong></span> <span class='ocrx_word' id='word_1_11' title='bbox 1107 935 1234 992; x_wconf 79' lang='lat' dir='ltr'>erat</span> <span class='ocrx_word' id='word_1_12' title='bbox 1259 933 1442 991; x_wconf 82' lang='lat' dir='ltr'>David</span> <span class='ocrx_word' id='word_1_13' title='bbox 1458 975 1473 1005; x_wconf 94' lang='lat'>,</span> <span class='ocrx_word' id='word_1_14' title='bbox 1500 933 1679 994; x_wconf 76' lang='lat' dir='ltr'>funda</span> <span class='ocrx_word' id='word_1_15' title='bbox 1700 934 1799 1006; x_wconf 83' lang='lat' dir='ltr'>qui</span> <span class='ocrx_word' id='word_1_16' title='bbox 1822 933 2069 1008; x_wconf 82' lang='lat' dir='ltr'>perculit</span> <span class='ocrx_word' id='word_1_17' title='bbox 2087 932 2305 994; x_wconf 84' lang='lat' dir='ltr'>hostem</span> 
     </span>
     <span class='ocr_line' id='line_1_4' title="bbox 917 1039 2079 1114; baseline 0.002 -18"><span class='ocrx_word' id='word_1_18' title='bbox 917 1039 1064 1098; x_wconf 83' lang='lat' dir='ltr'>Mole</span> <span class='ocrx_word' id='word_1_19' title='bbox 1091 1039 1488 1112; x_wconf 52' lang='lat' dir='ltr'>giganteam,</span> <span class='ocrx_word' id='word_1_20' title='bbox 1511 1040 1689 1114; x_wconf 78' lang='lat' dir='ltr'>major</span> <span class='ocrx_word' id='word_1_21' title='bbox 1714 1042 1773 1100; x_wconf 84' lang='lat' dir='ltr'>et</span> <span class='ocrx_word' id='word_1_22' title='bbox 1794 1057 1915 1100; x_wconf 85' lang='lat' dir='ltr'>esse</span> <span class='ocrx_word' id='word_1_23' title='bbox 1942 1041 2079 1099; x_wconf 85' lang='lat' dir='ltr'>Saul</span> 
     </span>
    </p>

    <p class='ocr_par' dir='ltr' id='par_1_4' title="bbox 846 1145 2433 1327">
     <span class='ocr_line' id='line_1_5' title="bbox 846 1145 2433 1220; baseline 0 -16"><span class='ocrx_word' id='word_1_24' title='bbox 846 1146 1004 1206; x_wconf 78' lang='lat' dir='ltr'>Tune</span> <span class='ocrx_word' id='word_1_25' title='bbox 1029 1145 1181 1220; x_wconf 84' lang='lat' dir='ltr'>oepit</span> <span class='ocrx_word' id='word_1_26' title='bbox 1201 1146 1448 1219; x_wconf 87' lang='lat' dir='ltr'>meritis,</span> <span class='ocrx_word' id='word_1_27' title='bbox 1470 1148 1537 1205; x_wconf 92' lang='lat' dir='ltr'>ut</span> <span class='ocrx_word' id='word_1_28' title='bbox 1560 1146 1857 1206; x_wconf 81' lang='lat' dir='ltr'>chrismate</span> <span class='ocrx_word' id='word_1_29' title='bbox 1885 1147 2143 1220; x_wconf 85' lang='lat' dir='ltr'>denique,</span> <span class='ocrx_word' id='word_1_30' title='bbox 2166 1147 2433 1205; x_wconf 79' lang='lat' dir='ltr'>inunctus</span> 
     </span>
     <span class='ocr_line' id='line_1_6' title="bbox 913 1250 2123 1327; baseline -0.002 -15"><span class='ocrx_word' id='word_1_31' title='bbox 913 1250 1032 1312; x_wconf 85' lang='lat' dir='ltr'>Rex</span> <span class='ocrx_word' id='word_1_32' title='bbox 1057 1255 1234 1324; x_wconf 79' lang='lat' dir='ltr'>esset,</span> <span class='ocrx_word' id='word_1_33' title='bbox 1260 1254 1452 1327; x_wconf 84' lang='lat' dir='ltr'>genito</span> <span class='ocrx_word' id='word_1_34' title='bbox 1478 1254 1579 1311; x_wconf 86' lang='lat' dir='ltr'>sed</span> <span class='ocrx_word' id='word_1_35' title='bbox 1604 1254 1899 1326; x_wconf 82' lang='lat' dir='ltr'>Salomone</span> <span class='ocrx_word' id='word_1_36' title='bbox 1923 1256 2123 1326; x_wconf 79' lang='lat' dir='ltr'>minor.</span> 
     </span>
    </p>

    <p class='ocr_par' dir='ltr' id='par_1_5' title="bbox 843 1335 2286 1554">
     <span class='ocr_line' id='line_1_7' title="bbox 843 1335 2286 1435; baseline 0.004 -19"><span class='ocrx_word' id='word_1_37' title='bbox 843 1358 952 1418; x_wconf 86' lang='lat' dir='ltr'>Ille</span> <span class='ocrx_word' id='word_1_38' title='bbox 976 1360 1094 1421; x_wconf 90' lang='lat' dir='ltr'>Deo</span> <span class='ocrx_word' id='word_1_39' title='bbox 1117 1361 1375 1434; x_wconf 75' lang='lat' dir='ltr'>ingratus</span> <span class='ocrx_word' id='word_1_40' title='bbox 1400 1361 1553 1419; x_wconf 81' lang='lat' dir='ltr'><strong>mala</strong></span> <span class='ocrx_word' id='word_1_41' title='bbox 1577 1362 1761 1420; x_wconf 86' lang='lat' dir='ltr'>multa</span> <span class='ocrx_word' id='word_1_42' title='bbox 1784 1362 2023 1434; x_wconf 81' lang='lat' dir='ltr'>sibique,</span> <span class='ocrx_word' id='word_1_43' title='bbox 2053 1335 2286 1435; x_wconf 70' lang='lat' dir='ltr'>suisque</span> 
     </span>
     <span class='ocr_line' id='line_1_8' title="bbox 913 1466 2075 1554; baseline 0.002 -30"><span class='ocrx_word' id='word_1_44' title='bbox 913 1466 1152 1539; x_wconf 88' lang='lat' dir='ltr'>Intulit,</span> <span class='ocrx_word' id='word_1_45' title='bbox 1177 1467 1480 1526; x_wconf 81' lang='lat' dir='ltr'>emendans</span> <span class='ocrx_word' id='word_1_46' title='bbox 1504 1483 1635 1549; x_wconf 79' lang='lat' dir='ltr'>mox</span> <span class='ocrx_word' id='word_1_47' title='bbox 1664 1467 1875 1541; x_wconf 76' lang='lat' dir='ltr'>pietate</span> <span class='ocrx_word' id='word_1_48' title='bbox 1900 1468 2075 1554; x_wconf 84' lang='lat' dir='ltr'>nefas.</span> 
     </span>
    </p>

    <p class='ocr_par' dir='ltr' id='par_1_6' title="bbox 841 1573 2471 1761">
     <span class='ocr_line' id='line_1_9' title="bbox 841 1573 2471 1650; baseline 0.001 -20"><span class='ocrx_word' id='word_1_49' title='bbox 841 1573 950 1631; x_wconf 83' lang='lat' dir='ltr'>Hic</span> <span class='ocrx_word' id='word_1_50' title='bbox 975 1573 1205 1645; x_wconf 70' lang='lat' dir='ltr'>docilia,</span> <span class='ocrx_word' id='word_1_51' title='bbox 1231 1589 1374 1645; x_wconf 84' lang='lat' dir='ltr'>quae</span> <span class='ocrx_word' id='word_1_52' title='bbox 1401 1574 1567 1634; x_wconf 85' lang='lat' dir='ltr'>corde</span> <span class='ocrx_word' id='word_1_53' title='bbox 1595 1575 1795 1634; x_wconf 89' lang='lat' dir='ltr'>humili</span> <span class='ocrx_word' id='word_1_54' title='bbox 1819 1575 2103 1649; x_wconf 79' lang='lat' dir='ltr'>concepit,</span> <span class='ocrx_word' id='word_1_55' title='bbox 2130 1577 2203 1634; x_wconf 87' lang='lat' dir='ltr'>ad</span> <span class='ocrx_word' id='word_1_56' title='bbox 2229 1591 2471 1650; x_wconf 82' lang='lat' dir='ltr'>unguem</span> 
     </span>
     <span class='ocr_line' id='line_1_10' title="bbox 910 1679 2351 1761; baseline 0.002 -24"><span class='ocrx_word' id='word_1_57' title='bbox 910 1679 1185 1751; x_wconf 77' lang='lat' dir='ltr'>Perfecit,</span> <span class='ocrx_word' id='word_1_58' title='bbox 1213 1681 1470 1739; x_wconf 81' lang='lat' dir='ltr'>statuens</span> <span class='ocrx_word' id='word_1_59' title='bbox 1493 1681 1799 1754; x_wconf 83' lang='lat' dir='ltr'>splendida</span> <span class='ocrx_word' id='word_1_60' title='bbox 1822 1683 2037 1754; x_wconf 84' lang='lat' dir='ltr'>templa</span> <span class='ocrx_word' id='word_1_61' title='bbox 2059 1684 2257 1751; x_wconf 72' lang='lat' dir='ltr'>sactis,</span> <span class='ocrx_word' id='word_1_62' title='bbox 2343 1751 2351 1761; x_wconf 89' lang='lat'><em>.</em></span> 
     </span>
    </p>

    <p class='ocr_par' dir='ltr' id='par_1_7' title="bbox 837 1785 2277 1968">
     <span class='ocr_line' id='line_1_11' title="bbox 837 1785 2233 1860; baseline 0.001 -16"><span class='ocrx_word' id='word_1_63' title='bbox 837 1786 977 1844; x_wconf 88' lang='lat' dir='ltr'>Inde</span> <span class='ocrx_word' id='word_1_64' title='bbox 1001 1785 1114 1844; x_wconf 84' lang='lat' dir='ltr'>fuit</span> <span class='ocrx_word' id='word_1_65' title='bbox 1135 1787 1364 1859; x_wconf 84' lang='lat' dir='ltr'>sapiens</span> <span class='ocrx_word' id='word_1_66' title='bbox 1389 1802 1558 1860; x_wconf 84' lang='lat' dir='ltr'>super</span> <span class='ocrx_word' id='word_1_67' title='bbox 1584 1803 1801 1858; x_wconf 77' lang='lat' dir='ltr'>omneS,</span> <span class='ocrx_word' id='word_1_68' title='bbox 1830 1787 2089 1858; x_wconf 83' lang='lat' dir='ltr'>omnibus</span> <span class='ocrx_word' id='word_1_69' title='bbox 2116 1788 2233 1848; x_wconf 80' lang='lat' dir='ltr'>acri</span> 
     </span>
     <span class='ocr_line' id='line_1_12' title="bbox 907 1892 2277 1968; baseline 0.002 -17"><span class='ocrx_word' id='word_1_70' title='bbox 907 1892 948 1951; x_wconf 88' lang='lat' dir='ltr'><strong>J</strong></span> <span class='ocrx_word' id='word_1_71' title='bbox 950 1892 1142 1952; x_wconf 81' lang='lat' dir='ltr'>udicio</span> <span class='ocrx_word' id='word_1_72' title='bbox 1167 1893 1464 1966; x_wconf 81' lang='lat' dir='ltr'>praestans</span> <span class='ocrx_word' id='word_1_73' title='bbox 1481 1935 1496 1964; x_wconf 95' lang='lat'>,</span> <span class='ocrx_word' id='word_1_74' title='bbox 1521 1893 1811 1966; x_wconf 81' lang='lat' dir='ltr'>proximus</span> <span class='ocrx_word' id='word_1_75' title='bbox 1852 1895 2021 1968; x_wconf 83' lang='lat' dir='ltr'>atque</span> <span class='ocrx_word' id='word_1_76' title='bbox 2048 1895 2182 1954; x_wconf 81' lang='lat' dir='ltr'>Deo.</span> <span class='ocrx_word' id='word_1_77' title='bbox 2208 1929 2277 1938; x_wconf 94' lang='lat'><strong>—</strong></span> 
     </span>
    </p>

    <p class='ocr_par' dir='ltr' id='par_1_8' title="bbox 839 1999 1997 2075">
     <span class='ocr_line' id='line_1_13' title="bbox 839 1999 1997 2075; baseline 0.002 -17"><span class='ocrx_word' id='word_1_78' title='bbox 839 2001 890 2058; x_wconf 86' lang='lat' dir='ltr'>A</span> <span class='ocrx_word' id='word_1_79' title='bbox 911 1999 1120 2060; x_wconf 82' lang='lat' dir='ltr'>virtute</span> <span class='ocrx_word' id='word_1_80' title='bbox 1146 2001 1250 2070; x_wconf 74' lang='lat' dir='ltr'>Dei</span> <span class='ocrx_word' id='word_1_81' title='bbox 1274 2000 1388 2060; x_wconf 81' lang='lat' dir='ltr'>vim</span> <span class='ocrx_word' id='word_1_82' title='bbox 1413 2001 1694 2074; x_wconf 79' lang='lat' dir='ltr'>derivare,</span> <span class='ocrx_word' id='word_1_83' title='bbox 1721 2001 1997 2075; x_wconf 82' lang='lat' dir='ltr'>fidemque</span> 
     </span>
    </p>

    <p class='ocr_par' dir='ltr' id='par_1_9' title="bbox 858 2089 2271 2183">
     <span class='ocr_line' id='line_1_14' title="bbox 858 2089 2271 2183; baseline 0.001 -17"><span class='ocrx_word' id='word_1_84' title='bbox 858 2089 864 2098; x_wconf 59' lang='grc'><em>’</em></span> <span class='ocrx_word' id='word_1_85' title='bbox 911 2108 1072 2167; x_wconf 83' lang='lat' dir='ltr'>Juris</span> <span class='ocrx_word' id='word_1_86' title='bbox 1099 2109 1246 2181; x_wconf 82' lang='lat' dir='ltr'>apud</span> <span class='ocrx_word' id='word_1_87' title='bbox 1271 2109 1501 2182; x_wconf 70' lang='lat' dir='ltr'>gentse,</span> <span class='ocrx_word' id='word_1_88' title='bbox 1526 2108 1800 2183; x_wconf 86' lang='lat' dir='ltr'>optimum</span> <span class='ocrx_word' id='word_1_89' title='bbox 1828 2112 1895 2168; x_wconf 89' lang='lat' dir='ltr'>ut</span> <span class='ocrx_word' id='word_1_90' title='bbox 1918 2111 2032 2182; x_wconf 89' lang='lat' dir='ltr'>est,</span> <span class='ocrx_word' id='word_1_91' title='bbox 2062 2110 2125 2169; x_wconf 87' lang='lat' dir='ltr'>id</span> <span class='ocrx_word' id='word_1_92' title='bbox 2150 2110 2271 2170; x_wconf 87' lang='lat' dir='ltr'>erit.</span> 
     </span>
    </p>
   </div>
   <div class='ocr_carea' id='block_1_4' title="bbox 1513 2245 1755 2253">
    <p class='ocr_par' dir='ltr' id='par_1_10' title="bbox 1513 2245 1755 2253">
     <span class='ocr_line' id='line_1_15' title="bbox 1513 2245 1755 2253; baseline 0 2682"><span class='ocrx_word' id='word_1_93' title='bbox 1513 2245 1755 2253; x_wconf 95' lang='lat' dir='ltr'> </span> 
     </span>
    </p>
   </div>
   <div class='ocr_carea' id='block_1_5' title="bbox 719 2339 1898 2400">
    <p class='ocr_par' dir='ltr' id='par_1_11' title="bbox 719 2339 1898 2400">
     <span class='ocr_line' id='line_1_16' title="bbox 719 2339 1898 2400; baseline 0.003 -5"><span class='ocrx_word' id='word_1_94' title='bbox 719 2339 962 2396; x_wconf 84' lang='lat' dir='ltr'>xxxvnI.</span> <span class='ocrx_word' id='word_1_95' title='bbox 1369 2341 1657 2400; x_wconf 85' lang='lat' dir='ltr'>IGNOTO</span> <span class='ocrx_word' id='word_1_96' title='bbox 1699 2362 1709 2372; x_wconf 89' lang='lat'><strong>·</strong></span> <span class='ocrx_word' id='word_1_97' title='bbox 1747 2339 1898 2399; x_wconf 86' lang='lat' dir='ltr'>DEO</span> 
     </span>
    </p>
   </div>
   <div class='ocr_carea' id='block_1_6' title="bbox 836 2482 2379 3527">
    <p class='ocr_par' dir='ltr' id='par_1_12' title="bbox 836 2482 2379 3527">
     <span class='ocr_line' id='line_1_17' title="bbox 837 2482 2048 2557; baseline 0.003 -18"><span class='ocrx_word' id='word_1_98' title='bbox 837 2484 1240 2539; x_wconf 62' lang='lat' dir='ltr'>Auuoreelms</span> <span class='ocrx_word' id='word_1_99' title='bbox 1263 2483 1540 2555; x_wconf 78' lang='lat' dir='ltr'>sapientia</span> <span class='ocrx_word' id='word_1_100' title='bbox 1568 2482 1784 2557; x_wconf 83' lang='lat' dir='ltr'>scripta</span> <span class='ocrx_word' id='word_1_101' title='bbox 1810 2485 2048 2543; x_wconf 83' lang='lat' dir='ltr'>docebat</span> 
     </span>
     <span class='ocr_line' id='line_1_18' title="bbox 907 2584 2098 2661; baseline 0.003 -15"><span class='ocrx_word' id='word_1_102' title='bbox 907 2588 948 2646; x_wconf 87' lang='lat' dir='ltr'><strong>J</strong></span> <span class='ocrx_word' id='word_1_103' title='bbox 949 2584 1196 2647; x_wconf 76' lang='lat' dir='ltr'>officium</span> <span class='ocrx_word' id='word_1_104' title='bbox 1221 2588 1392 2661; x_wconf 85' lang='lat' dir='ltr'>legis,</span> <span class='ocrx_word' id='word_1_105' title='bbox 1419 2587 1857 2661; x_wconf 80' lang='lat' dir='ltr'>philosophante</span> <span class='ocrx_word' id='word_1_106' title='bbox 1884 2591 2098 2649; x_wconf 82' lang='lat' dir='ltr'>schola.</span> 
     </span>
     <span class='ocr_line' id='line_1_19' title="bbox 838 2694 2241 2770; baseline 0.001 -17"><span class='ocrx_word' id='word_1_107' title='bbox 838 2694 1126 2753; x_wconf 85' lang='lat' dir='ltr'>Judioium</span> <span class='ocrx_word' id='word_1_108' title='bbox 1153 2694 1284 2752; x_wconf 84' lang='lat' dir='ltr'>fidei</span> <span class='ocrx_word' id='word_1_109' title='bbox 1309 2696 1472 2754; x_wconf 83' lang='lat' dir='ltr'>docet</span> <span class='ocrx_word' id='word_1_110' title='bbox 1497 2696 1719 2757; x_wconf 82' lang='lat' dir='ltr'>advena</span> <span class='ocrx_word' id='word_1_111' title='bbox 1743 2696 2011 2769; x_wconf 83' lang='lat' dir='ltr'><strong>Paullus,</strong></span> <span class='ocrx_word' id='word_1_112' title='bbox 2037 2713 2241 2770; x_wconf 87' lang='lat' dir='ltr'>eosque</span> 
     </span>
     <span class='ocr_line' id='line_1_20' title="bbox 908 2802 1808 2877; baseline -0.001 -16"><span class='ocrx_word' id='word_1_113' title='bbox 908 2802 1114 2875; x_wconf 82' lang='lat' dir='ltr'>Arguit</span> <span class='ocrx_word' id='word_1_114' title='bbox 1137 2802 1322 2877; x_wconf 88' lang='lat' dir='ltr'>ignoti</span> <span class='ocrx_word' id='word_1_115' title='bbox 1345 2802 1413 2861; x_wconf 85' lang='lat' dir='ltr'>de</span> <span class='ocrx_word' id='word_1_116' title='bbox 1439 2802 1661 2863; x_wconf 85' lang='lat' dir='ltr'>ratione</span> <span class='ocrx_word' id='word_1_117' title='bbox 1685 2804 1808 2861; x_wconf 90' lang='lat' dir='ltr'>Dei.</span> 
     </span>
     <span class='ocr_line' id='line_1_21' title="bbox 836 2909 2204 2986; baseline 0.002 -18"><span class='ocrx_word' id='word_1_118' title='bbox 836 2909 1158 2969; x_wconf 88' lang='lat' dir='ltr'>Distinuere</span> <span class='ocrx_word' id='word_1_119' title='bbox 1185 2926 1403 2984; x_wconf 79' lang='lat' dir='ltr'>omneS,</span> <span class='ocrx_word' id='word_1_120' title='bbox 1429 2910 1580 2983; x_wconf 81' lang='lat' dir='ltr'>quod</span> <span class='ocrx_word' id='word_1_121' title='bbox 1606 2910 1939 2971; x_wconf 84' lang='lat' dir='ltr'>disseruisse</span> <span class='ocrx_word' id='word_1_122' title='bbox 1959 2914 2204 2986; x_wconf 79' lang='lat' dir='ltr'>Juvaret·</span> 
     </span>
     <span class='ocr_line' id='line_1_22' title="bbox 903 3015 1979 3091; baseline -0.002 -16"><span class='ocrx_word' id='word_1_123' title='bbox 903 3016 1035 3077; x_wconf 83' lang='lat' dir='ltr'>Illic</span> <span class='ocrx_word' id='word_1_124' title='bbox 1065 3015 1349 3076; x_wconf 85' lang='lat' dir='ltr'>doctrinae</span> <span class='ocrx_word' id='word_1_125' title='bbox 1376 3017 1444 3074; x_wconf 88' lang='lat' dir='ltr'>de</span> <span class='ocrx_word' id='word_1_126' title='bbox 1470 3018 1755 3091; x_wconf 85' lang='lat' dir='ltr'>gravitate</span> <span class='ocrx_word' id='word_1_127' title='bbox 1782 3034 1979 3077; x_wconf 83' lang='lat' dir='ltr'>novae.</span> 
     </span>
     <span class='ocr_line' id='line_1_23' title="bbox 838 3123 2088 3198; baseline 0.002 -16"><span class='ocrx_word' id='word_1_128' title='bbox 838 3126 996 3183; x_wconf 87' lang='lat' dir='ltr'>Unus</span> <span class='ocrx_word' id='word_1_129' title='bbox 1021 3126 1082 3181; x_wconf 83' lang='lat' dir='ltr'>at</span> <span class='ocrx_word' id='word_1_130' title='bbox 1106 3123 1349 3196; x_wconf 81' lang='lat' dir='ltr'>arripuit</span> <span class='ocrx_word' id='word_1_131' title='bbox 1369 3124 1677 3198; x_wconf 85' lang='lat' dir='ltr'>Dionysius</span> <span class='ocrx_word' id='word_1_132' title='bbox 1702 3142 1831 3184; x_wconf 87' lang='lat' dir='ltr'>orsa</span> <span class='ocrx_word' id='word_1_133' title='bbox 1857 3126 2088 3185; x_wconf 84' lang='lat' dir='ltr'>salutis:</span> 
     </span>
     <span class='ocr_line' id='line_1_24' title="bbox 909 3233 2174 3305; baseline -0.002 -14"><span class='ocrx_word' id='word_1_134' title='bbox 909 3234 1078 3293; x_wconf 81' lang='lat' dir='ltr'>Hunc</span> <span class='ocrx_word' id='word_1_135' title='bbox 1099 3233 1352 3305; x_wconf 85' lang='lat' dir='ltr'>sequitur</span> <span class='ocrx_word' id='word_1_136' title='bbox 1379 3234 1646 3292; x_wconf 73' lang='lat' dir='ltr'>Damaris¹</span> <span class='ocrx_word' id='word_1_137' title='bbox 1667 3234 1875 3291; x_wconf 81' lang='lat' dir='ltr'>femina</span> <span class='ocrx_word' id='word_1_138' title='bbox 1899 3234 2023 3293; x_wconf 82' lang='lat' dir='ltr'>sola</span> <span class='ocrx_word' id='word_1_139' title='bbox 2048 3234 2174 3293; x_wconf 79' lang='lat' dir='ltr'>fide:</span> 
     </span>
     <span class='ocr_line' id='line_1_25' title="bbox 836 3339 2379 3414; baseline 0 -15"><span class='ocrx_word' id='word_1_140' title='bbox 836 3340 1048 3413; x_wconf 84' lang='lat' dir='ltr'>Martyr</span> <span class='ocrx_word' id='word_1_141' title='bbox 1075 3351 1250 3402; x_wconf 81' lang='lat' dir='ltr'>ovans</span> <span class='ocrx_word' id='word_1_142' title='bbox 1276 3340 1457 3413; x_wconf 83' lang='lat' dir='ltr'>capite</span> <span class='ocrx_word' id='word_1_143' title='bbox 1481 3340 1581 3397; x_wconf 91' lang='grc'><strong>1119</strong></span> <span class='ocrx_word' id='word_1_144' title='bbox 1607 3342 1795 3398; x_wconf 87' lang='lat' dir='ltr'>monet</span> <span class='ocrx_word' id='word_1_145' title='bbox 1819 3340 1956 3411; x_wconf 85' lang='lat' dir='ltr'>quid</span> <span class='ocrx_word' id='word_1_146' title='bbox 1981 3339 2167 3414; x_wconf 84' lang='lat' dir='ltr'>possit</span> <span class='ocrx_word' id='word_1_147' title='bbox 2190 3356 2379 3400; x_wconf 84' lang='lat' dir='ltr'>amore</span> 
     </span>
     <span class='ocr_line' id='line_1_26' title="bbox 907 3443 2221 3527; baseline -0.001 -24"><span class='ocrx_word' id='word_1_148' title='bbox 907 3443 1134 3521; x_wconf 29' lang='lat' dir='ltr'>Gra-tia:</span> <span class='ocrx_word' id='word_1_149' title='bbox 1162 3445 1292 3517; x_wconf 89' lang='lat' dir='ltr'>post</span> <span class='ocrx_word' id='word_1_150' title='bbox 1316 3445 1548 3503; x_wconf 90' lang='lat' dir='ltr'>mortem</span> <span class='ocrx_word' id='word_1_151' title='bbox 1576 3445 1761 3503; x_wconf 81' lang='lat' dir='ltr'>vivere</span> <span class='ocrx_word' id='word_1_152' title='bbox 1785 3454 2023 3527; x_wconf 55' lang='lat' dir='ltr'>{iamque</span> <span class='ocrx_word' id='word_1_153' title='bbox 2042 3444 2221 3519; x_wconf 89' lang='lat' dir='ltr'>jubet.</span> 
     </span>
    </p>
   </div>
   <div class='ocr_carea' id='block_1_7' title="bbox 1491 3595 1775 3607">
    <p class='ocr_par' dir='ltr' id='par_1_13' title="bbox 1491 3595 1775 3607">
     <span class='ocr_line' id='line_1_27' title="bbox 1491 3595 1775 3607; baseline 0 1328"><span class='ocrx_word' id='word_1_154' title='bbox 1491 3595 1775 3607; x_wconf 95' lang='lat' dir='ltr'> </span> 
     </span>
    </p>
   </div>
   <div class='ocr_carea' id='block_1_8' title="bbox 698 3693 2012 3760">
    <p class='ocr_par' dir='ltr' id='par_1_14' title="bbox 698 3693 2012 3760">
     <span class='ocr_line' id='line_1_28' title="bbox 698 3693 2012 3760; baseline 0.002 -11"><span class='ocrx_word' id='word_1_155' title='bbox 698 3708 883 3750; x_wconf 75' lang='lat' dir='ltr'>xxnx.</span> <span class='ocrx_word' id='word_1_156' title='bbox 1060 3710 1064 3715; x_wconf 80' lang='grc'><strong><em>’</em></strong></span> <span class='ocrx_word' id='word_1_157' title='bbox 1242 3693 1647 3756; x_wconf 80' lang='grc' dir='ltr'><strong>ΡΕΟΟΑΤΠΜ</strong></span> <span class='ocrx_word' id='word_1_158' title='bbox 1684 3694 2012 3760; x_wconf 77' lang='lat' dir='ltr'>INGENII.</span> 
     </span>
    </p>
   </div>
   <div class='ocr_carea' id='block_1_9' title="bbox 801 3835 2155 4016">
    <p class='ocr_par' dir='ltr' id='par_1_15' title="bbox 801 3835 2155 4016">
     <span class='ocr_line' id='line_1_29' title="bbox 801 3835 2071 3912; baseline 0.004 -19"><span class='ocrx_word' id='word_1_159' title='bbox 801 3868 808 3875; x_wconf 95' lang='lat'>-</span> <span class='ocrx_word' id='word_1_160' title='bbox 834 3835 1122 3893; x_wconf 69' lang='lat' dir='ltr'>Exrnuvn·</span> <span class='ocrx_word' id='word_1_161' title='bbox 1148 3837 1401 3897; x_wconf 77' lang='lat' dir='ltr'>Romana</span> <span class='ocrx_word' id='word_1_162' title='bbox 1433 3835 1551 3897; x_wconf 74' lang='lat' dir='ltr'>odii</span> <span class='ocrx_word' id='word_1_163' title='bbox 1574 3840 1671 3912; x_wconf 82' lang='lat' dir='ltr'>qui</span> <span class='ocrx_word' id='word_1_164' title='bbox 1694 3840 1828 3898; x_wconf 82' lang='lat' dir='ltr'>vota</span> <span class='ocrx_word' id='word_1_165' title='bbox 1853 3850 2071 3899; x_wconf 82' lang='lat' dir='ltr'>veneno</span> 
     </span>
     <span class='ocr_line' id='line_1_30' title="bbox 903 3938 2155 4016; baseline 0.003 -17"><span class='ocrx_word' id='word_1_166' title='bbox 903 3938 1192 3999; x_wconf 79' lang='lat' dir='ltr'>Hannibal</span> <span class='ocrx_word' id='word_1_167' title='bbox 1216 3942 1482 4001; x_wconf 80' lang='lat' dir='ltr'>interitus</span> <span class='ocrx_word' id='word_1_168' title='bbox 1509 3944 1767 4003; x_wconf 79' lang='lat' dir='ltr'>conscius</span> <span class='ocrx_word' id='word_1_169' title='bbox 1792 3944 1913 4016; x_wconf 83' lang='lat' dir='ltr'>ipse</span> <span class='ocrx_word' id='word_1_170' title='bbox 1938 3945 2078 4016; x_wconf 85' lang='lat' dir='ltr'>sibi,</span> <span class='ocrx_word' id='word_1_171' title='bbox 2150 3982 2155 3989; x_wconf 81' lang='lat'><em>·</em></span> 
     </span>
    </p>
   </div>
   <div class='ocr_carea' id='block_1_10' title="bbox 1022 4787 1812 4900">
    <p class='ocr_par' dir='ltr' id='par_1_16' title="bbox 1022 4787 1812 4900">
     <span class='ocr_line' id='line_1_31' title="bbox 1022 4787 1812 4900; baseline 0 35"><span class='ocrx_word' id='word_1_172' title='bbox 1022 4787 1812 4900; x_wconf 95' lang='lat' dir='ltr'> </span> 
     </span>
    </p>
   </div>
  </div>
 </body>
</html>
