<?xml version="1.0" encoding="UTF-8"?>
<!DOCTYPE html PUBLIC "-//W3C//DTD XHTML 1.0 Transitional//EN"
    "http://www.w3.org/TR/xhtml1/DTD/xhtml1-transitional.dtd">
<html xmlns="http://www.w3.org/1999/xhtml" xml:lang="en" lang="en">
 <head>
  <title>
</title>
<meta http-equiv="Content-Type" content="text/html;charset=utf-8" />
  <meta name='ocr-system' content='tesseract 3.04.00' />
  <meta name='ocr-capabilities' content='ocr_page ocr_carea ocr_par ocr_line ocrx_word'/>
</head>
<body>
  <div class='ocr_page' id='page_1' title='image "./alois00ferrgoog_0105.png"; bbox 0 0 2996 4935; ppageno 0'>
   <div class='ocr_carea' id='block_1_1' title="bbox 409 1492 445 1522">
    <p class='ocr_par' dir='ltr' id='par_1_1' title="bbox 409 1492 445 1522">
     <span class='ocr_line' id='line_1_1' title="bbox 409 1492 445 1522; baseline 0 0"><span class='ocrx_word' id='word_1_1' title='bbox 409 1492 445 1522; x_wconf 66' lang='lat' dir='ltr'><em>J</em></span> 
     </span>
    </p>
   </div>
   <div class='ocr_carea' id='block_1_2' title="bbox 1169 603 1526 653">
    <p class='ocr_par' dir='ltr' id='par_1_2' title="bbox 1169 603 1526 653">
     <span class='ocr_line' id='line_1_2' title="bbox 1169 603 1526 653; baseline 0 -3"><span class='ocrx_word' id='word_1_2' title='bbox 1169 603 1526 653; x_wconf 71' lang='lat' dir='ltr'>FABUL‘ARUM.</span> 
     </span>
    </p>
   </div>
   <div class='ocr_carea' id='block_1_3' title="bbox 625 717 1931 1110">
    <p class='ocr_par' dir='ltr' id='par_1_3' title="bbox 630 717 1610 792">
     <span class='ocr_line' id='line_1_3' title="bbox 630 717 1610 792; baseline 0.003 -18"><span class='ocrx_word' id='word_1_3' title='bbox 630 717 840 790; x_wconf 80' lang='lat' dir='ltr'>Magna</span> <span class='ocrx_word' id='word_1_4' title='bbox 865 719 974 777; x_wconf 83' lang='lat' dir='ltr'>fuit</span> <span class='ocrx_word' id='word_1_5' title='bbox 997 720 1270 778; x_wconf 71' lang='lat' dir='ltr'>sedulitas</span> <span class='ocrx_word' id='word_1_6' title='bbox 1295 720 1356 776; x_wconf 88' lang='lat' dir='ltr'>in</span> <span class='ocrx_word' id='word_1_7' title='bbox 1383 720 1610 792; x_wconf 86' lang='lat' dir='ltr'>negotio</span> 
     </span>
    </p>

    <p class='ocr_par' dir='ltr' id='par_1_4' title="bbox 625 821 1931 1110">
     <span class='ocr_line' id='line_1_4' title="bbox 629 821 1931 898; baseline -0.003 -18"><span class='ocrx_word' id='word_1_8' title='bbox 629 821 839 881; x_wconf 90' lang='lat' dir='ltr'>Vocum</span> <span class='ocrx_word' id='word_1_9' title='bbox 864 823 949 882; x_wconf 88' lang='lat' dir='ltr'>sic</span> <span class='ocrx_word' id='word_1_10' title='bbox 976 825 1381 898; x_wconf 79' lang='lat' dir='ltr'>componendO,</span> <span class='ocrx_word' id='word_1_11' title='bbox 1407 825 1470 881; x_wconf 88' lang='lat' dir='ltr'>ut</span> <span class='ocrx_word' id='word_1_12' title='bbox 1496 823 1753 894; x_wconf 86' lang='lat' dir='ltr'>aequitas</span> <span class='ocrx_word' id='word_1_13' title='bbox 1779 824 1931 882; x_wconf 83' lang='lat' dir='ltr'>foret.</span> 
     </span>
     <span class='ocr_line' id='line_1_5' title="bbox 625 929 1741 990; baseline 0.002 -4"><span class='ocrx_word' id='word_1_14' title='bbox 625 929 908 989; x_wconf 89' lang='lat' dir='ltr'>Indociles</span> <span class='ocrx_word' id='word_1_15' title='bbox 933 948 1104 989; x_wconf 86' lang='lat' dir='ltr'>ranae</span> <span class='ocrx_word' id='word_1_16' title='bbox 1129 933 1231 989; x_wconf 86' lang='lat' dir='ltr'>sed</span> <span class='ocrx_word' id='word_1_17' title='bbox 1258 931 1533 989; x_wconf 86' lang='lat' dir='ltr'>dederunt</span> <span class='ocrx_word' id='word_1_18' title='bbox 1556 931 1741 990; x_wconf 85' lang='lat' dir='ltr'>omnia</span> 
     </span>
     <span class='ocr_line' id='line_1_6' title="bbox 626 1036 1685 1110; baseline 0.004 -18"><span class='ocrx_word' id='word_1_19' title='bbox 626 1036 870 1094; x_wconf 84' lang='lat' dir='ltr'><strong>Confusa</strong></span> <span class='ocrx_word' id='word_1_20' title='bbox 893 1037 976 1095; x_wconf 86' lang='lat' dir='ltr'>sic</span> <span class='ocrx_word' id='word_1_21' title='bbox 990 1080 1006 1108; x_wconf 91' lang='lat'>‚</span> <span class='ocrx_word' id='word_1_22' title='bbox 1029 1038 1254 1096; x_wconf 87' lang='lat' dir='ltr'>theatra</span> <span class='ocrx_word' id='word_1_23' title='bbox 1277 1054 1376 1110; x_wconf 90' lang='lat' dir='ltr'>per</span> <span class='ocrx_word' id='word_1_24' title='bbox 1398 1037 1685 1108; x_wconf 81' lang='lat' dir='ltr'>paludium</span> 
     </span>
    </p>
   </div>
   <div class='ocr_carea' id='block_1_4' title="bbox 591 1143 1663 1217">
    <p class='ocr_par' dir='ltr' id='par_1_5' title="bbox 591 1143 1663 1217">
     <span class='ocr_line' id='line_1_7' title="bbox 591 1143 1663 1217; baseline 0.003 -22"><span class='ocrx_word' id='word_1_25' title='bbox 591 1191 594 1194; x_wconf 86' lang='lat'><strong>.</strong></span> <span class='ocrx_word' id='word_1_26' title='bbox 627 1143 990 1215; x_wconf 85' lang='lat' dir='ltr'>Vituperatus</span> <span class='ocrx_word' id='word_1_27' title='bbox 1013 1145 1079 1201; x_wconf 89' lang='lat' dir='ltr'>ut</span> <span class='ocrx_word' id='word_1_28' title='bbox 1103 1144 1663 1217; x_wconf 81' lang='lat' dir='ltr'>magister&#39;hisceret.</span> 
     </span>
    </p>
   </div>
   <div class='ocr_carea' id='block_1_5' title="bbox 626 1237 1828 1532">
    <p class='ocr_par' dir='ltr' id='par_1_6' title="bbox 626 1237 1828 1532">
     <span class='ocr_line' id='line_1_8' title="bbox 697 1237 1828 1330; baseline 0 -25"><span class='ocrx_word' id='word_1_29' title='bbox 697 1249 921 1330; x_wconf 81' lang='lat' dir='ltr'>Semper</span> <span class='ocrx_word' id='word_1_30' title='bbox 945 1250 1258 1322; x_wconf 75' lang='lat' dir='ltr'>garrulitas</span> <span class='ocrx_word' id='word_1_31' title='bbox 1283 1251 1430 1308; x_wconf 89' lang='lat' dir='ltr'>inter</span> <span class='ocrx_word' id='word_1_32' title='bbox 1455 1237 1690 1309; x_wconf 82' lang='lat' dir='ltr'>feminas</span> <span class='ocrx_word' id='word_1_33' title='bbox 1716 1249 1828 1306; x_wconf 88' lang='lat' dir='ltr'>fuit</span> 
     </span>
     <span class='ocr_line' id='line_1_9' title="bbox 627 1355 1745 1430; baseline 0.001 -20"><span class='ocrx_word' id='word_1_34' title='bbox 627 1355 870 1428; x_wconf 82' lang='lat' dir='ltr'>Regina:</span> <span class='ocrx_word' id='word_1_35' title='bbox 903 1367 1012 1414; x_wconf 73' lang='lat' dir='ltr'>‘nec</span> <span class='ocrx_word' id='word_1_36' title='bbox 1035 1357 1146 1414; x_wconf 88' lang='lat' dir='ltr'>erit</span> <span class='ocrx_word' id='word_1_37' title='bbox 1169 1357 1525 1430; x_wconf 67' lang='lat' dir='ltr'>arrogantiae</span> <span class='ocrx_word' id='word_1_38' title='bbox 1552 1356 1745 1414; x_wconf 88' lang='lat' dir='ltr'>modus</span> 
     </span>
     <span class='ocr_line' id='line_1_10' title="bbox 626 1460 1725 1532; baseline 0.001 -15"><span class='ocrx_word' id='word_1_39' title='bbox 626 1460 832 1518; x_wconf 81' lang='lat' dir='ltr'>Earum</span> <span class='ocrx_word' id='word_1_40' title='bbox 861 1479 894 1518; x_wconf 89' lang='lat' dir='ltr'>a</span> <span class='ocrx_word' id='word_1_41' title='bbox 919 1462 1123 1518; x_wconf 87' lang='lat' dir='ltr'>studiis</span> <span class='ocrx_word' id='word_1_42' title='bbox 1151 1462 1426 1532; x_wconf 70' lang='lat' dir='ltr'>qualitate</span> <span class='ocrx_word' id='word_1_43' title='bbox 1455 1462 1725 1519; x_wconf 69' lang='lat' dir='ltr'>virilibus».</span> 
     </span>
    </p>
   </div>
   <div class='ocr_carea' id='block_1_6' title="bbox 1219 1605 1477 1612">
    <p class='ocr_par' dir='ltr' id='par_1_7' title="bbox 1219 1605 1477 1612">
     <span class='ocr_line' id='line_1_11' title="bbox 1219 1605 1477 1612; baseline 0 3323"><span class='ocrx_word' id='word_1_44' title='bbox 1219 1605 1477 1612; x_wconf 95' lang='lat' dir='ltr'> </span> 
     </span>
    </p>
   </div>
   <div class='ocr_carea' id='block_1_7' title="bbox 421 1683 1607 1784">
    <p class='ocr_par' dir='ltr' id='par_1_8' title="bbox 421 1683 1607 1784">
     <span class='ocr_line' id='line_1_12' title="bbox 421 1683 1607 1784; baseline 0.003 -5"><span class='ocrx_word' id='word_1_45' title='bbox 421 1725 624 1781; x_wconf 81' lang='lat' dir='ltr'>xva.</span> <span class='ocrx_word' id='word_1_46' title='bbox 777 1683 782 1690; x_wconf 60' lang='grc'><em>’</em></span> <span class='ocrx_word' id='word_1_47' title='bbox 1065 1728 1217 1784; x_wconf 79' lang='lat' dir='ltr'>LEX</span> <span class='ocrx_word' id='word_1_48' title='bbox 1255 1727 1349 1784; x_wconf 81' lang='lat' dir='ltr'>ET</span> <span class='ocrx_word' id='word_1_49' title='bbox 1385 1727 1607 1784; x_wconf 81' lang='lat' dir='ltr'>FAEX.</span> 
     </span>
    </p>
   </div>
   <div class='ocr_carea' id='block_1_8' title="bbox 438 2698 523 2736">
    <p class='ocr_par' dir='ltr' id='par_1_9' title="bbox 438 2698 523 2736">
     <span class='ocr_line' id='line_1_13' title="bbox 438 2698 523 2736; baseline 0.012 -1"><span class='ocrx_word' id='word_1_50' title='bbox 438 2698 523 2736; x_wconf 79' lang='lat' dir='ltr'>XX.</span> 
     </span>
    </p>
   </div>
   <div class='ocr_carea' id='block_1_9' title="bbox 535 1885 2008 1967">
    <p class='ocr_par' dir='ltr' id='par_1_10' title="bbox 535 1885 2008 1967">
     <span class='ocr_line' id='line_1_14' title="bbox 535 1885 2008 1967; baseline 0.001 -26"><span class='ocrx_word' id='word_1_51' title='bbox 535 1927 540 1932; x_wconf 86' lang='lat'><em>.</em></span> <span class='ocrx_word' id='word_1_52' title='bbox 625 1885 786 1941; x_wconf 72' lang='lat' dir='ltr'>FAsx</span> <span class='ocrx_word' id='word_1_53' title='bbox 809 1886 1093 1944; x_wconf 90' lang='lat' dir='ltr'>hominum</span> <span class='ocrx_word' id='word_1_54' title='bbox 1120 1887 1181 1942; x_wconf 89' lang='lat' dir='ltr'>in</span> <span class='ocrx_word' id='word_1_55' title='bbox 1204 1887 1330 1959; x_wconf 91' lang='lat' dir='ltr'>lege</span> <span class='ocrx_word' id='word_1_56' title='bbox 1355 1887 1437 1943; x_wconf 81' lang='lat' dir='ltr'>nil</span> <span class='ocrx_word' id='word_1_57' title='bbox 1467 1886 1787 1945; x_wconf 82' lang='lat' dir='ltr'>considerat</span> <span class='ocrx_word' id='word_1_58' title='bbox 1814 1885 1971 1944; x_wconf 88' lang='lat' dir='ltr'>aliud</span> <span class='ocrx_word' id='word_1_59' title='bbox 2002 1960 2008 1967; x_wconf 93' lang='lat'>.</span> 
     </span>
    </p>
   </div>
   <div class='ocr_carea' id='block_1_10' title="bbox 624 1979 1946 2487">
    <p class='ocr_par' dir='ltr' id='par_1_11' title="bbox 624 1979 1936 2274">
     <span class='ocr_line' id='line_1_15' title="bbox 627 1979 1807 2062; baseline 0 -16"><span class='ocrx_word' id='word_1_60' title='bbox 627 1979 804 2058; x_wconf 79' lang='lat' dir='ltr'>Quam</span> <span class='ocrx_word' id='word_1_61' title='bbox 827 1992 974 2062; x_wconf 86' lang='lat' dir='ltr'>quod</span> <span class='ocrx_word' id='word_1_62' title='bbox 999 1995 1147 2049; x_wconf 90' lang='lat' dir='ltr'>metu</span> <span class='ocrx_word' id='word_1_63' title='bbox 1170 1993 1413 2049; x_wconf 84' lang='lat' dir='ltr'>deterret</span> <span class='ocrx_word' id='word_1_64' title='bbox 1437 2010 1472 2049; x_wconf 85' lang='lat' dir='ltr'>a</span> <span class='ocrx_word' id='word_1_65' title='bbox 1496 1992 1807 2050; x_wconf 87' lang='lat' dir='ltr'>maleficiis.</span> 
     </span>
     <span class='ocr_line' id='line_1_16' title="bbox 626 2071 1936 2168; baseline -0.001 -15"><span class='ocrx_word' id='word_1_66' title='bbox 626 2098 907 2154; x_wconf 89' lang='lat' dir='ltr'>Bonorum</span> <span class='ocrx_word' id='word_1_67' title='bbox 933 2113 1096 2168; x_wconf 86' lang='lat' dir='ltr'>porro</span> <span class='ocrx_word' id='word_1_68' title='bbox 1122 2071 1206 2154; x_wconf 84' lang='lat' dir='ltr'>est</span> <span class='ocrx_word' id='word_1_69' title='bbox 1231 2097 1470 2154; x_wconf 88' lang='lat' dir='ltr'>omnium</span> <span class='ocrx_word' id='word_1_70' title='bbox 1497 2113 1682 2154; x_wconf 85' lang='lat' dir='ltr'>amare</span> <span class='ocrx_word' id='word_1_71' title='bbox 1710 2096 1936 2154; x_wconf 85' lang='lat' dir='ltr'>vincula</span> 
     </span>
     <span class='ocr_line' id='line_1_17' title="bbox 624 2193 1727 2274; baseline -0.002 -15"><span class='ocrx_word' id='word_1_72' title='bbox 624 2203 842 2274; x_wconf 85' lang='lat' dir='ltr'>Legum</span> <span class='ocrx_word' id='word_1_73' title='bbox 867 2203 940 2260; x_wconf 86' lang='lat' dir='ltr'>ad</span> <span class='ocrx_word' id='word_1_74' title='bbox 965 2193 1202 2259; x_wconf 86' lang='lat' dir='ltr'>salutem</span> <span class='ocrx_word' id='word_1_75' title='bbox 1228 2202 1415 2260; x_wconf 87' lang='lat' dir='ltr'>civilis</span> <span class='ocrx_word' id='word_1_76' title='bbox 1437 2201 1727 2260; x_wconf 84' lang='lat' dir='ltr'>consortii.</span> 
     </span>
    </p>

    <p class='ocr_par' dir='ltr' id='par_1_12' title="bbox 627 2307 1946 2487">
     <span class='ocr_line' id='line_1_18' title="bbox 693 2307 1946 2378; baseline -0.002 -12"><span class='ocrx_word' id='word_1_77' title='bbox 693 2308 806 2366; x_wconf 87' lang='lat' dir='ltr'>Lex</span> <span class='ocrx_word' id='word_1_78' title='bbox 832 2309 1234 2367; x_wconf 79' lang='lat' dir='ltr'>obsurdescens</span> <span class='ocrx_word' id='word_1_79' title='bbox 1245 2308 1439 2366; x_wconf 74' lang='lat' dir='ltr'>‚minor</span> <span class='ocrx_word' id='word_1_80' title='bbox 1464 2309 1550 2366; x_wconf 89' lang='lat' dir='ltr'>est</span> <span class='ocrx_word' id='word_1_81' title='bbox 1572 2308 1798 2378; x_wconf 86' lang='lat' dir='ltr'>effectu,</span> <span class='ocrx_word' id='word_1_82' title='bbox 1832 2307 1946 2366; x_wconf 89' lang='lat' dir='ltr'>nisi</span> 
     </span>
     <span class='ocr_line' id='line_1_19' title="bbox 627 2403 1943 2487; baseline 0 -16"><span class='ocrx_word' id='word_1_83' title='bbox 627 2414 968 2473; x_wconf 84' lang='lat' dir='ltr'>Praecurrat</span> <span class='ocrx_word' id='word_1_84' title='bbox 991 2429 1189 2473; x_wconf 87' lang='lat' dir='ltr'>sensus</span> <span class='ocrx_word' id='word_1_85' title='bbox 1211 2414 1334 2487; x_wconf 87' lang='lat' dir='ltr'>ejus</span> <span class='ocrx_word' id='word_1_86' title='bbox 1359 2413 1789 2473; x_wconf 81' lang='lat' dir='ltr'>observantiam.</span> <span class='ocrx_word' id='word_1_87' title='bbox 1937 2403 1943 2412; x_wconf 82' lang='lat'><em>&#39;</em></span> 
     </span>
    </p>
   </div>
   <div class='ocr_carea' id='block_1_11' title="bbox 1214 2552 1473 2569">
    <p class='ocr_par' dir='ltr' id='par_1_13' title="bbox 1214 2552 1473 2569">
     <span class='ocr_line' id='line_1_20' title="bbox 1214 2552 1473 2569; baseline 0 2366"><span class='ocrx_word' id='word_1_88' title='bbox 1214 2552 1473 2569; x_wconf 95' lang='lat' dir='ltr'> </span> 
     </span>
    </p>
   </div>
   <div class='ocr_carea' id='block_1_12' title="bbox 873 2680 1813 2757">
    <p class='ocr_par' dir='ltr' id='par_1_14' title="bbox 873 2680 1813 2757">
     <span class='ocr_line' id='line_1_21' title="bbox 873 2680 1813 2757; baseline 0 -20"><span class='ocrx_word' id='word_1_89' title='bbox 873 2681 1316 2740; x_wconf 84' lang='lat' dir='ltr'>DISCIPULUS</span> <span class='ocrx_word' id='word_1_90' title='bbox 1369 2680 1461 2737; x_wconf 87' lang='grc' dir='ltr'>ΕΤ</span> <span class='ocrx_word' id='word_1_91' title='bbox 1497 2682 1813 2757; x_wconf 65' lang='lat' dir='ltr'><strong>BUCULA.</strong></span> 
     </span>
    </p>
   </div>
   <div class='ocr_carea' id='block_1_13' title="bbox 625 2838 2033 3859">
    <p class='ocr_par' dir='ltr' id='par_1_15' title="bbox 625 2838 1916 3233">
     <span class='ocr_line' id='line_1_22' title="bbox 625 2838 1916 2912; baseline 0.001 -15"><span class='ocrx_word' id='word_1_92' title='bbox 625 2841 992 2911; x_wconf 70' lang='lat' dir='ltr'>Discwunus,</span> <span class='ocrx_word' id='word_1_93' title='bbox 1018 2839 1116 2911; x_wconf 89' lang='lat' dir='ltr'>qui</span> <span class='ocrx_word' id='word_1_94' title='bbox 1142 2839 1448 2912; x_wconf 86' lang='lat' dir='ltr'>Virgilium</span> <span class='ocrx_word' id='word_1_95' title='bbox 1473 2841 1703 2899; x_wconf 86' lang='lat' dir='ltr'>amabat</span> <span class='ocrx_word' id='word_1_96' title='bbox 1726 2838 1887 2897; x_wconf 81' lang='lat' dir='ltr'>unice</span> <span class='ocrx_word' id='word_1_97' title='bbox 1902 2883 1916 2909; x_wconf 91' lang='lat'>,</span> 
     </span>
     <span class='ocr_line' id='line_1_23' title="bbox 629 2948 1829 3021; baseline 0.001 -18"><span class='ocrx_word' id='word_1_98' title='bbox 629 2948 976 3021; x_wconf 82' lang='lat' dir='ltr'>Pergensad</span> <span class='ocrx_word' id='word_1_99' title='bbox 1003 2948 1249 3019; x_wconf 85' lang='lat' dir='ltr'>agellum</span> <span class='ocrx_word' id='word_1_100' title='bbox 1274 2950 1428 3006; x_wconf 87' lang='lat' dir='ltr'>totus</span> <span class='ocrx_word' id='word_1_101' title='bbox 1453 2948 1513 3005; x_wconf 89' lang='lat' dir='ltr'>in</span> <span class='ocrx_word' id='word_1_102' title='bbox 1540 2948 1829 3021; x_wconf 85' lang='lat' dir='ltr'>Georgicis</span> 
     </span>
     <span class='ocr_line' id='line_1_24' title="bbox 626 3054 1753 3127; baseline 0 -16"><span class='ocrx_word' id='word_1_103' title='bbox 626 3054 932 3127; x_wconf 87' lang='lat' dir='ltr'>Legendis,</span> <span class='ocrx_word' id='word_1_104' title='bbox 958 3054 1154 3110; x_wconf 85' lang='lat' dir='ltr'>devius</span> <span class='ocrx_word' id='word_1_105' title='bbox 1179 3054 1493 3113; x_wconf 84' lang='lat' dir='ltr'>occursavit</span> <span class='ocrx_word' id='word_1_106' title='bbox 1516 3056 1753 3113; x_wconf 84' lang='lat' dir='ltr'>buculae</span> 
     </span>
     <span class='ocr_line' id='line_1_25' title="bbox 628 3158 1799 3233; baseline -0.003 -15"><span class='ocrx_word' id='word_1_107' title='bbox 628 3159 924 3230; x_wconf 81' lang='lat' dir='ltr'>Pascenti3</span> <span class='ocrx_word' id='word_1_108' title='bbox 953 3158 1114 3233; x_wconf 85' lang='lat' dir='ltr'>cnjus</span> <span class='ocrx_word' id='word_1_109' title='bbox 1141 3174 1266 3216; x_wconf 90' lang='lat' dir='ltr'>cum</span> <span class='ocrx_word' id='word_1_110' title='bbox 1291 3160 1530 3217; x_wconf 87' lang='lat' dir='ltr'>sedisset</span> <span class='ocrx_word' id='word_1_111' title='bbox 1552 3161 1622 3217; x_wconf 86' lang='lat' dir='ltr'>ad</span> <span class='ocrx_word' id='word_1_112' title='bbox 1649 3161 1799 3217; x_wconf 86' lang='lat' dir='ltr'>latus</span> 
     </span>
    </p>

    <p class='ocr_par' dir='ltr' id='par_1_16' title="bbox 626 3265 1798 3447">
     <span class='ocr_line' id='line_1_26' title="bbox 627 3265 1798 3335; baseline -0.003 -9"><span class='ocrx_word' id='word_1_113' title='bbox 627 3269 796 3326; x_wconf 85' lang='lat' dir='ltr'>Elata</span> <span class='ocrx_word' id='word_1_114' title='bbox 819 3284 952 3326; x_wconf 89' lang='lat' dir='ltr'>voce</span> <span class='ocrx_word' id='word_1_115' title='bbox 977 3269 1225 3325; x_wconf 81' lang='lat' dir='ltr'>Ascraea</span> <span class='ocrx_word' id='word_1_116' title='bbox 1248 3265 1494 3323; x_wconf 86' lang='lat' dir='ltr'>recitans</span> <span class='ocrx_word' id='word_1_117' title='bbox 1520 3266 1769 3324; x_wconf 86' lang='lat' dir='ltr'>carmina</span> <span class='ocrx_word' id='word_1_118' title='bbox 1784 3309 1798 3335; x_wconf 90' lang='lat'>‚</span> 
     </span>
     <span class='ocr_line' id='line_1_27' title="bbox 626 3373 1677 3447; baseline -0.002 -15"><span class='ocrx_word' id='word_1_119' title='bbox 626 3374 921 3435; x_wconf 85' lang='lat' dir='ltr'>Abstinuit</span> <span class='ocrx_word' id='word_1_120' title='bbox 941 3392 975 3433; x_wconf 87' lang='lat' dir='ltr'>a</span> <span class='ocrx_word' id='word_1_121' title='bbox 997 3374 1276 3447; x_wconf 85' lang='lat' dir='ltr'>pascendo</span> <span class='ocrx_word' id='word_1_122' title='bbox 1301 3390 1422 3431; x_wconf 88' lang='lat' dir='ltr'>sese</span> <span class='ocrx_word' id='word_1_123' title='bbox 1447 3373 1677 3444; x_wconf 88' lang='lat' dir='ltr'>bucula,</span> 
     </span>
    </p>

    <p class='ocr_par' dir='ltr' id='par_1_17' title="bbox 627 3480 1889 3549">
     <span class='ocr_line' id='line_1_28' title="bbox 627 3480 1889 3549; baseline -0.002 -10"><span class='ocrx_word' id='word_1_124' title='bbox 627 3483 877 3541; x_wconf 88' lang='lat' dir='ltr'>Auribus</span> <span class='ocrx_word' id='word_1_125' title='bbox 907 3482 1142 3540; x_wconf 86' lang='lat' dir='ltr'>arrectis</span> <span class='ocrx_word' id='word_1_126' title='bbox 1172 3480 1492 3539; x_wconf 88' lang='lat' dir='ltr'>combibens</span> <span class='ocrx_word' id='word_1_127' title='bbox 1522 3481 1663 3539; x_wconf 88' lang='lat' dir='ltr'>illud</span> <span class='ocrx_word' id='word_1_128' title='bbox 1688 3480 1889 3549; x_wconf 78' lang='lat' dir='ltr'>meloS‚</span> 
     </span>
    </p>

    <p class='ocr_par' dir='ltr' id='par_1_18' title="bbox 628 3587 2033 3859">
     <span class='ocr_line' id='line_1_29' title="bbox 631 3587 1937 3661; baseline 0.001 -15"><span class='ocrx_word' id='word_1_129' title='bbox 631 3591 680 3646; x_wconf 91' lang='lat' dir='ltr'>A</span> <span class='ocrx_word' id='word_1_130' title='bbox 709 3604 816 3661; x_wconf 87' lang='lat' dir='ltr'>qno</span> <span class='ocrx_word' id='word_1_131' title='bbox 840 3605 989 3647; x_wconf 90' lang='lat' dir='ltr'>nunc</span> <span class='ocrx_word' id='word_1_132' title='bbox 1016 3589 1172 3661; x_wconf 84' lang='lat' dir='ltr'>pueri</span> <span class='ocrx_word' id='word_1_133' title='bbox 1203 3588 1545 3646; x_wconf 76' lang='lat' dir='ltr'>distineatur</span> <span class='ocrx_word' id='word_1_134' title='bbox 1570 3589 1631 3645; x_wconf 91' lang='lat' dir='ltr'>in</span> <span class='ocrx_word' id='word_1_135' title='bbox 1656 3587 1888 3659; x_wconf 81' lang='lat' dir='ltr'>scholiS,</span> <span class='ocrx_word' id='word_1_136' title='bbox 1920 3620 1937 3647; x_wconf 65' lang='grc' dir='ltr'><strong><em>ι</em></strong></span> 
     </span>
     <span class='ocr_line' id='line_1_30' title="bbox 628 3694 2033 3768; baseline 0.001 -17"><span class='ocrx_word' id='word_1_137' title='bbox 628 3694 712 3752; x_wconf 84' lang='lat' dir='ltr'>Ne</span> <span class='ocrx_word' id='word_1_138' title='bbox 739 3696 856 3752; x_wconf 89' lang='lat' dir='ltr'>sint</span> <span class='ocrx_word' id='word_1_139' title='bbox 877 3696 1024 3768; x_wconf 87' lang='lat' dir='ltr'>quod</span> <span class='ocrx_word' id='word_1_140' title='bbox 1051 3695 1160 3752; x_wconf 85' lang='lat' dir='ltr'>fert</span> <span class='ocrx_word' id='word_1_141' title='bbox 1180 3696 1412 3763; x_wconf 84' lang='lat' dir='ltr'>natura,</span> <span class='ocrx_word' id='word_1_142' title='bbox 1437 3696 1536 3753; x_wconf 89' lang='lat' dir='ltr'>sed</span> <span class='ocrx_word' id='word_1_143' title='bbox 1561 3696 1707 3766; x_wconf 89' lang='lat' dir='ltr'>qnod</span> <span class='ocrx_word' id='word_1_144' title='bbox 1731 3694 1855 3753; x_wconf 85' lang='lat' dir='ltr'>vult</span> <span class='ocrx_word' id='word_1_145' title='bbox 1877 3695 2033 3753; x_wconf 84' lang='lat' dir='ltr'>furor</span> 
     </span>
     <span class='ocr_line' id='line_1_31' title="bbox 629 3799 1623 3859; baseline 0.002 -2"><span class='ocrx_word' id='word_1_146' title='bbox 629 3801 1070 3859; x_wconf 84' lang='lat' dir='ltr'>Inhumanitatis</span> <span class='ocrx_word' id='word_1_147' title='bbox 1095 3799 1302 3858; x_wconf 87' lang='lat' dir='ltr'>studiis</span> <span class='ocrx_word' id='word_1_148' title='bbox 1327 3801 1623 3859; x_wconf 72' lang='lat' dir='ltr'>extraneis</span> 
     </span>
    </p>
   </div>
  </div>
 </body>
</html>
