<?xml version="1.0" encoding="UTF-8"?>
<!DOCTYPE html PUBLIC "-//W3C//DTD XHTML 1.0 Transitional//EN"
    "http://www.w3.org/TR/xhtml1/DTD/xhtml1-transitional.dtd">
<html xmlns="http://www.w3.org/1999/xhtml" xml:lang="en" lang="en">
 <head>
  <title>
</title>
<meta http-equiv="Content-Type" content="text/html;charset=utf-8" />
  <meta name='ocr-system' content='tesseract 3.04.00' />
  <meta name='ocr-capabilities' content='ocr_page ocr_carea ocr_par ocr_line ocrx_word'/>
</head>
<body>
  <div class='ocr_page' id='page_1' title='image "./alois00ferrgoog_0114.png"; bbox 0 0 2996 4935; ppageno 0'>
   <div class='ocr_carea' id='block_1_1' title="bbox 15 386 32 961">
    <p class='ocr_par' dir='ltr' id='par_1_1' title="bbox 15 386 32 961">
     <span class='ocr_line' id='line_1_1' title="bbox 15 386 32 961; textangle 90"><span class='ocrx_word' id='word_1_1' title='bbox 16 902 18 961; x_wconf 74' lang='grc'><strong>’-“</strong></span> <span class='ocrx_word' id='word_1_2' title='bbox 16 878 18 883; x_wconf 87' lang='grc'><em>“</em></span> <span class='ocrx_word' id='word_1_3' title='bbox 15 538 32 851; x_wconf 55' lang='grc' dir='ltr'><strong>--”τ-</strong></span> <span class='ocrx_word' id='word_1_4' title='bbox 16 416 19 483; x_wconf 81' lang='grc'><em>”“”“</em></span> <span class='ocrx_word' id='word_1_5' title='bbox 16 386 18 399; x_wconf 82' lang='grc'><em>“</em></span> 
     </span>
    </p>
   </div>
   <div class='ocr_carea' id='block_1_2' title="bbox 613 570 1875 629">
    <p class='ocr_par' dir='ltr' id='par_1_2' title="bbox 613 570 1875 629">
     <span class='ocr_line' id='line_1_2' title="bbox 613 570 1875 629; baseline 0.007 -9"><span class='ocrx_word' id='word_1_6' title='bbox 613 616 616 619; x_wconf 84' lang='grc'><strong>.</strong></span> <span class='ocrx_word' id='word_1_7' title='bbox 713 570 778 625; x_wconf 90' lang='grc'><strong>18</strong></span> <span class='ocrx_word' id='word_1_8' title='bbox 1391 584 1444 627; x_wconf 68' lang='grc' dir='ltr'><strong>Α.</strong></span> <span class='ocrx_word' id='word_1_9' title='bbox 1485 587 1535 628; x_wconf 86' lang='lat' dir='ltr'><strong>c.</strong></span> <span class='ocrx_word' id='word_1_10' title='bbox 1577 586 1875 629; x_wconf 73' lang='lat' dir='ltr'><strong>rnnauccu</strong></span> 
     </span>
    </p>
   </div>
   <div class='ocr_carea' id='block_1_3' title="bbox 803 694 2267 1936">
    <p class='ocr_par' dir='ltr' id='par_1_3' title="bbox 904 694 2267 761">
     <span class='ocr_line' id='line_1_3' title="bbox 904 694 2267 761; baseline 0.003 -10"><span class='ocrx_word' id='word_1_11' title='bbox 904 695 1048 761; x_wconf 78' lang='lat' dir='ltr'><strong>Quin</strong></span> <span class='ocrx_word' id='word_1_12' title='bbox 1077 695 1246 753; x_wconf 82' lang='lat' dir='ltr'><strong>etiam</strong></span> <span class='ocrx_word' id='word_1_13' title='bbox 1269 694 1408 755; x_wconf 81' lang='lat' dir='ltr'><strong>haec</strong></span> <span class='ocrx_word' id='word_1_14' title='bbox 1433 695 1561 753; x_wconf 83' lang='lat' dir='ltr'><strong>ausi</strong></span> <span class='ocrx_word' id='word_1_15' title='bbox 1584 698 1719 755; x_wconf 83' lang='lat' dir='ltr'><strong>sunt</strong></span> <span class='ocrx_word' id='word_1_16' title='bbox 1742 698 1959 755; x_wconf 85' lang='lat' dir='ltr'><strong>tentare</strong></span> <span class='ocrx_word' id='word_1_17' title='bbox 1986 698 2267 755; x_wconf 84' lang='lat' dir='ltr'><strong>dentibus.</strong></span> 
     </span>
    </p>

    <p class='ocr_par' dir='ltr' id='par_1_4' title="bbox 898 799 1833 873">
     <span class='ocr_line' id='line_1_4' title="bbox 898 799 1833 873; baseline 0.005 -17"><span class='ocrx_word' id='word_1_18' title='bbox 898 799 1313 873; x_wconf 82' lang='lat' dir='ltr'><strong>Expergefacta</strong></span> <span class='ocrx_word' id='word_1_19' title='bbox 1338 800 1580 859; x_wconf 86' lang='lat' dir='ltr'><strong>titillatu</strong></span> <span class='ocrx_word' id='word_1_20' title='bbox 1604 803 1741 861; x_wconf 88' lang='lat' dir='ltr'><strong>tunc</strong></span> <span class='ocrx_word' id='word_1_21' title='bbox 1764 820 1833 861; x_wconf 83' lang='lat' dir='ltr'><strong>ea</strong></span> 
     </span>
    </p>

    <p class='ocr_par' dir='ltr' id='par_1_5' title="bbox 897 906 2081 982">
     <span class='ocr_line' id='line_1_5' title="bbox 897 906 2081 982; baseline 0.003 -17"><span class='ocrx_word' id='word_1_22' title='bbox 897 907 1094 965; x_wconf 85' lang='lat' dir='ltr'><strong>Voluit</strong></span> <span class='ocrx_word' id='word_1_23' title='bbox 1115 906 1324 967; x_wconf 88' lang='lat' dir='ltr'><strong>moveri</strong></span> <span class='ocrx_word' id='word_1_24' title='bbox 1341 950 1356 977; x_wconf 89' lang='lat'><strong>,</strong></span> <span class='ocrx_word' id='word_1_25' title='bbox 1383 909 1481 967; x_wconf 83' lang='lat' dir='ltr'><strong>sed</strong></span> <span class='ocrx_word' id='word_1_26' title='bbox 1506 908 1851 981; x_wconf 77' lang='lat' dir='ltr'><strong>pinguedine</strong></span> <span class='ocrx_word' id='word_1_27' title='bbox 1870 910 2081 982; x_wconf 86' lang='lat' dir='ltr'><strong>jacuit,</strong></span> 
     </span>
    </p>

    <p class='ocr_par' dir='ltr' id='par_1_6' title="bbox 903 1014 2025 1087">
     <span class='ocr_line' id='line_1_6' title="bbox 903 1014 2025 1087; baseline 0.002 -16"><span class='ocrx_word' id='word_1_28' title='bbox 903 1014 1183 1074; x_wconf 79' lang='lat' dir='ltr'><strong>Damnata</strong></span> <span class='ocrx_word' id='word_1_29' title='bbox 1205 1015 1352 1074; x_wconf 87' lang='lat' dir='ltr'><strong>ferre</strong></span> <span class='ocrx_word' id='word_1_30' title='bbox 1375 1016 1462 1075; x_wconf 84' lang='lat' dir='ltr'><strong>tot</strong></span> <span class='ocrx_word' id='word_1_31' title='bbox 1487 1015 1733 1074; x_wconf 82' lang='lat' dir='ltr'><strong>ludibria</strong></span> <span class='ocrx_word' id='word_1_32' title='bbox 1756 1016 1996 1073; x_wconf 88' lang='lat' dir='ltr'><strong>murium</strong></span> <span class='ocrx_word' id='word_1_33' title='bbox 2010 1060 2025 1087; x_wconf 88' lang='lat'><strong>,</strong></span> 
     </span>
    </p>

    <p class='ocr_par' dir='ltr' id='par_1_7' title="bbox 893 1121 2133 1195">
     <span class='ocr_line' id='line_1_7' title="bbox 893 1121 2133 1195; baseline 0.003 -16"><span class='ocrx_word' id='word_1_34' title='bbox 893 1123 1042 1192; x_wconf 82' lang='lat' dir='ltr'><strong>Quot</strong></span> <span class='ocrx_word' id='word_1_35' title='bbox 1064 1121 1388 1195; x_wconf 81' lang='lat' dir='ltr'><strong>profligatos</strong></span> <span class='ocrx_word' id='word_1_36' title='bbox 1404 1123 1590 1195; x_wconf 64' lang='lat' dir='ltr'><strong>prium,</strong></span> <span class='ocrx_word' id='word_1_37' title='bbox 1615 1126 1673 1181; x_wconf 85' lang='lat' dir='ltr'><strong>et</strong></span> <span class='ocrx_word' id='word_1_38' title='bbox 1696 1126 1951 1183; x_wconf 78' lang='lat' dir='ltr'><strong>exsectos</strong></span> <span class='ocrx_word' id='word_1_39' title='bbox 1974 1124 2133 1183; x_wconf 83' lang='lat' dir='ltr'><strong>dedit</strong></span> 
     </span>
    </p>

    <p class='ocr_par' dir='ltr' id='par_1_8' title="bbox 894 1202 2151 1409">
     <span class='ocr_line' id='line_1_8' title="bbox 894 1202 2030 1306; baseline 0.002 -21"><span class='ocrx_word' id='word_1_40' title='bbox 894 1230 1127 1287; x_wconf 86' lang='lat' dir='ltr'><strong>Potente</strong></span> <span class='ocrx_word' id='word_1_41' title='bbox 1153 1245 1370 1300; x_wconf 89' lang='lat' dir='ltr'><strong>morsu,</strong></span> <span class='ocrx_word' id='word_1_42' title='bbox 1399 1244 1523 1286; x_wconf 88' lang='lat' dir='ltr'><strong>cum</strong></span> <span class='ocrx_word' id='word_1_43' title='bbox 1552 1202 1775 1306; x_wconf 74' lang='lat' dir='ltr'><strong>fleret-et</strong></span> <span class='ocrx_word' id='word_1_44' title='bbox 1800 1229 2030 1287; x_wconf 65' lang='lat' dir='ltr'><strong>viribus</strong></span> 
     </span>
     <span class='ocr_line' id='line_1_9' title="bbox 969 1334 2151 1409; baseline 0.002 -17"><span class='ocrx_word' id='word_1_45' title='bbox 969 1335 1342 1394; x_wconf 75' lang='lat' dir='ltr'><strong>Commoditas</strong></span> <span class='ocrx_word' id='word_1_46' title='bbox 1371 1334 1527 1407; x_wconf 86' lang='lat' dir='ltr'><strong>pejor</strong></span> <span class='ocrx_word' id='word_1_47' title='bbox 1552 1335 1735 1393; x_wconf 86' lang='lat' dir='ltr'><strong>adhuc</strong></span> <span class='ocrx_word' id='word_1_48' title='bbox 1762 1336 2043 1409; x_wconf 79' lang='lat' dir='ltr'><strong>angustiis</strong></span> <span class='ocrx_word' id='word_1_49' title='bbox 2068 1338 2151 1396; x_wconf 90' lang='lat' dir='ltr'><strong>rei</strong></span> 
     </span>
    </p>

    <p class='ocr_par' dir='ltr' id='par_1_9' title="bbox 891 1440 2106 1513">
     <span class='ocr_line' id='line_1_10' title="bbox 891 1440 2106 1513; baseline 0.002 -16"><span class='ocrx_word' id='word_1_50' title='bbox 891 1440 996 1499; x_wconf 85' lang='lat' dir='ltr'><strong>Est</strong></span> <span class='ocrx_word' id='word_1_51' title='bbox 1019 1440 1316 1499; x_wconf 81' lang='lat' dir='ltr'><strong>familiaris</strong></span> <span class='ocrx_word' id='word_1_52' title='bbox 1341 1440 1596 1512; x_wconf 87' lang='lat' dir='ltr'><strong>quolibet</strong></span> <span class='ocrx_word' id='word_1_53' title='bbox 1619 1441 1681 1500; x_wconf 86' lang='lat' dir='ltr'><strong>iu</strong></span> <span class='ocrx_word' id='word_1_54' title='bbox 1708 1443 1871 1501; x_wconf 88' lang='lat' dir='ltr'><strong>coetu</strong></span> <span class='ocrx_word' id='word_1_55' title='bbox 1898 1442 2077 1501; x_wconf 76' lang='lat' dir='ltr'><strong>virum</strong></span> <span class='ocrx_word' id='word_1_56' title='bbox 2092 1485 2106 1513; x_wconf 89' lang='lat'><strong><em>‚</em></strong></span> 
     </span>
    </p>

    <p class='ocr_par' dir='ltr' id='par_1_10' title="bbox 803 1526 2151 1936">
     <span class='ocr_line' id='line_1_11' title="bbox 803 1526 2035 1619; baseline 0.002 -15"><span class='ocrx_word' id='word_1_57' title='bbox 803 1583 806 1585; x_wconf 29' lang='lat' dir='ltr'>v</span> <span class='ocrx_word' id='word_1_58' title='bbox 869 1526 1245 1619; x_wconf 66' lang='lat' dir='ltr'><strong>&#39;Propositum</strong></span> <span class='ocrx_word' id='word_1_59' title='bbox 1274 1547 1323 1603; x_wconf 87' lang='lat' dir='ltr'><strong>si</strong></span> <span class='ocrx_word' id='word_1_60' title='bbox 1352 1546 1625 1618; x_wconf 80' lang='lat' dir='ltr'><strong>respicias</strong></span> <span class='ocrx_word' id='word_1_61' title='bbox 1649 1548 2035 1607; x_wconf 83' lang='lat' dir='ltr'><strong>multitudinis</strong></span> 
     </span>
     <span class='ocr_line' id='line_1_12' title="bbox 891 1653 2151 1726; baseline 0.001 -15"><span class='ocrx_word' id='word_1_62' title='bbox 891 1654 1095 1712; x_wconf 83' lang='lat' dir='ltr'><strong>Oculos</strong></span> <span class='ocrx_word' id='word_1_63' title='bbox 1118 1653 1380 1710; x_wconf 85' lang='lat' dir='ltr'><strong>habentis</strong></span> <span class='ocrx_word' id='word_1_64' title='bbox 1408 1653 1478 1710; x_wconf 88' lang='lat' dir='ltr'><strong>ad</strong></span> <span class='ocrx_word' id='word_1_65' title='bbox 1504 1653 1815 1723; x_wconf 85' lang='lat' dir='ltr'><strong>lautitiem‚</strong></span> <span class='ocrx_word' id='word_1_66' title='bbox 1841 1669 2009 1726; x_wconf 85' lang='lat' dir='ltr'><strong>quam</strong></span> <span class='ocrx_word' id='word_1_67' title='bbox 2038 1656 2151 1712; x_wconf 86' lang='lat' dir='ltr'><strong>fere</strong></span> 
     </span>
     <span class='ocr_line' id='line_1_13' title="bbox 886 1756 2020 1830; baseline 0 -13"><span class='ocrx_word' id='word_1_68' title='bbox 886 1758 1078 1817; x_wconf 87' lang='lat' dir='ltr'><strong>Beatis</strong></span> <span class='ocrx_word' id='word_1_69' title='bbox 1101 1758 1345 1826; x_wconf 82' lang='lat' dir='ltr'><strong>invidet,</strong></span> <span class='ocrx_word' id='word_1_70' title='bbox 1371 1756 1675 1830; x_wconf 72' lang='lat' dir='ltr'><strong>irridetque</strong></span> <span class='ocrx_word' id='word_1_71' title='bbox 1696 1759 2020 1817; x_wconf 79' lang='lat' dir='ltr'><strong>fruentibus</strong></span> 
     </span>
     <span class='ocr_line' id='line_1_14' title="bbox 892 1838 1971 1936; baseline 0.002 -15"><span class='ocrx_word' id='word_1_72' title='bbox 892 1838 1210 1935; x_wconf 64' lang='lat' dir='ltr'><strong>Amarie&#39;re3</strong></span> <span class='ocrx_word' id='word_1_73' title='bbox 1234 1879 1401 1936; x_wconf 80' lang='lat' dir='ltr'><strong>quam</strong></span> <span class='ocrx_word' id='word_1_74' title='bbox 1427 1862 1671 1923; x_wconf 76' lang='lat' dir='ltr'><strong>Sardeus</strong></span> <span class='ocrx_word' id='word_1_75' title='bbox 1696 1865 1793 1936; x_wconf 85' lang='lat' dir='ltr'><strong>sit,</strong></span> <span class='ocrx_word' id='word_1_76' title='bbox 1828 1866 1971 1925; x_wconf 89' lang='lat' dir='ltr'><strong>dolo.</strong></span> 
     </span>
    </p>
   </div>
   <div class='ocr_carea' id='block_1_4' title="bbox 1440 2010 1765 2018">
    <p class='ocr_par' dir='ltr' id='par_1_11' title="bbox 1440 2010 1765 2018">
     <span class='ocr_line' id='line_1_15' title="bbox 1440 2010 1765 2018; baseline 0 2917"><span class='ocrx_word' id='word_1_77' title='bbox 1440 2010 1765 2018; x_wconf 95' lang='lat' dir='ltr'><strong> </strong></span> 
     </span>
    </p>
   </div>
   <div class='ocr_carea' id='block_1_5' title="bbox 689 2086 1925 2165">
    <p class='ocr_par' dir='ltr' id='par_1_12' title="bbox 689 2086 1925 2165">
     <span class='ocr_line' id='line_1_16' title="bbox 689 2086 1925 2165; baseline 0.003 -4"><span class='ocrx_word' id='word_1_78' title='bbox 689 2102 926 2162; x_wconf 74' lang='lat' dir='ltr'><strong>xxxvnr.</strong></span> <span class='ocrx_word' id='word_1_79' title='bbox 1306 2086 1925 2165; x_wconf 77' lang='lat' dir='ltr'>PHERECYDES.</span> 
     </span>
    </p>
   </div>
   <div class='ocr_carea' id='block_1_6' title="bbox 863 2246 2215 3490">
    <p class='ocr_par' dir='ltr' id='par_1_13' title="bbox 863 2246 2215 3490">
     <span class='ocr_line' id='line_1_17' title="bbox 881 2246 2072 2321; baseline 0.002 -16"><span class='ocrx_word' id='word_1_80' title='bbox 881 2246 1368 2307; x_wconf 71' lang='lat' dir='ltr'><strong>Iupnnmmuu</strong></span> <span class='ocrx_word' id='word_1_81' title='bbox 1393 2248 1820 2307; x_wconf 79' lang='lat' dir='ltr'><strong>admirabantur</strong></span> <span class='ocrx_word' id='word_1_82' title='bbox 1845 2249 2072 2321; x_wconf 82' lang='lat' dir='ltr'><strong>plurimi</strong></span> 
     </span>
     <span class='ocr_line' id='line_1_18' title="bbox 881 2352 1963 2413; baseline 0.002 -2"><span class='ocrx_word' id='word_1_83' title='bbox 881 2354 1042 2411; x_wconf 89' lang='lat' dir='ltr'><strong>Inter</strong></span> <span class='ocrx_word' id='word_1_84' title='bbox 1071 2352 1478 2413; x_wconf 77' lang='lat' dir='ltr'><strong>calumniantes</strong></span> <span class='ocrx_word' id='word_1_85' title='bbox 1505 2356 1757 2413; x_wconf 86' lang='lat' dir='ltr'><strong>aemulos</strong></span> <span class='ocrx_word' id='word_1_86' title='bbox 1782 2356 1963 2413; x_wconf 87' lang='lat' dir='ltr'><strong>virum</strong></span> 
     </span>
     <span class='ocr_line' id='line_1_19' title="bbox 874 2460 2209 2534; baseline 0.001 -15"><span class='ocrx_word' id='word_1_87' title='bbox 874 2460 1096 2520; x_wconf 75' lang='lat' dir='ltr'><strong>Veteris</strong></span> <span class='ocrx_word' id='word_1_88' title='bbox 1122 2460 1457 2533; x_wconf 83' lang='lat' dir='ltr'><strong>disciplinae</strong></span> <span class='ocrx_word' id='word_1_89' title='bbox 1483 2477 1701 2532; x_wconf 88' lang='lat' dir='ltr'><strong>parem,</strong></span> <span class='ocrx_word' id='word_1_90' title='bbox 1727 2462 1991 2534; x_wconf 87' lang='lat' dir='ltr'><strong>impotem</strong></span> <span class='ocrx_word' id='word_1_91' title='bbox 2017 2478 2209 2520; x_wconf 86' lang='lat' dir='ltr'><strong>novae.</strong></span> 
     </span>
     <span class='ocr_line' id='line_1_20' title="bbox 874 2565 2151 2640; baseline 0 -16"><span class='ocrx_word' id='word_1_92' title='bbox 874 2567 1078 2624; x_wconf 85' lang='lat' dir='ltr'><strong>Eorum</strong></span> <span class='ocrx_word' id='word_1_93' title='bbox 1105 2565 1215 2623; x_wconf 87' lang='lat' dir='ltr'><strong>fuit</strong></span> <span class='ocrx_word' id='word_1_94' title='bbox 1239 2565 1308 2624; x_wconf 85' lang='lat' dir='ltr'><strong>de</strong></span> <span class='ocrx_word' id='word_1_95' title='bbox 1339 2582 1511 2640; x_wconf 83' lang='lat' dir='ltr'><strong>grege</strong></span> <span class='ocrx_word' id='word_1_96' title='bbox 1526 2609 1541 2636; x_wconf 94' lang='lat'>,</span> <span class='ocrx_word' id='word_1_97' title='bbox 1566 2567 1662 2638; x_wconf 86' lang='lat' dir='ltr'><strong>qui</strong></span> <span class='ocrx_word' id='word_1_98' title='bbox 1686 2567 1769 2624; x_wconf 82' lang='lat' dir='ltr'><strong>nil</strong></span> <span class='ocrx_word' id='word_1_99' title='bbox 1796 2567 2151 2640; x_wconf 74' lang='lat' dir='ltr'><strong>tractabilem</strong></span> 
     </span>
     <span class='ocr_line' id='line_1_21' title="bbox 868 2671 2134 2744; baseline 0.002 -15"><span class='ocrx_word' id='word_1_100' title='bbox 868 2672 1036 2730; x_wconf 85' lang='lat' dir='ltr'><strong>Hunc</strong></span> <span class='ocrx_word' id='word_1_101' title='bbox 1061 2671 1346 2744; x_wconf 83' lang='lat' dir='ltr'><strong>appellare</strong></span> <span class='ocrx_word' id='word_1_102' title='bbox 1371 2689 1653 2742; x_wconf 86' lang='lat' dir='ltr'><strong>cancrum,</strong></span> <span class='ocrx_word' id='word_1_103' title='bbox 1679 2672 1766 2731; x_wconf 82' lang='lat' dir='ltr'><strong>vel</strong></span> <span class='ocrx_word' id='word_1_104' title='bbox 1792 2674 2134 2734; x_wconf 79' lang='lat' dir='ltr'><strong>testudinem</strong></span> 
     </span>
     <span class='ocr_line' id='line_1_22' title="bbox 871 2777 2055 2852; baseline 0.003 -17"><span class='ocrx_word' id='word_1_105' title='bbox 871 2777 926 2835; x_wconf 83' lang='lat' dir='ltr'>N</span> <span class='ocrx_word' id='word_1_106' title='bbox 929 2794 1000 2837; x_wconf 88' lang='lat' dir='ltr'><strong>on</strong></span> <span class='ocrx_word' id='word_1_107' title='bbox 1025 2778 1333 2838; x_wconf 77' lang='lat' dir='ltr'><strong>dubitaretz</strong></span> <span class='ocrx_word' id='word_1_108' title='bbox 1357 2779 1456 2838; x_wconf 84' lang='lat' dir='ltr'><strong>sed</strong></span> <span class='ocrx_word' id='word_1_109' title='bbox 1479 2779 1585 2838; x_wconf 85' lang='lat' dir='ltr'><strong>iste</strong></span> <span class='ocrx_word' id='word_1_110' title='bbox 1612 2795 1747 2840; x_wconf 86' lang='lat' dir='ltr'><strong>voce</strong></span> <span class='ocrx_word' id='word_1_111' title='bbox 1772 2781 2055 2852; x_wconf 88' lang='lat' dir='ltr'><strong>reposuit:</strong></span> 
     </span>
     <span class='ocr_line' id='line_1_23' title="bbox 867 2861 2085 2957; baseline 0.003 -16"><span class='ocrx_word' id='word_1_112' title='bbox 867 2914 936 2926; x_wconf 91' lang='lat'><em>-</em></span> <span class='ocrx_word' id='word_1_113' title='bbox 961 2861 1270 2942; x_wconf 69' lang='lat' dir='ltr'><strong>Testudine</strong></span> <span class='ocrx_word' id='word_1_114' title='bbox 1299 2877 1537 2944; x_wconf 76' lang='lat' dir='ltr'><strong>militari</strong></span> <span class='ocrx_word' id='word_1_115' title='bbox 1562 2885 1706 2944; x_wconf 78' lang='lat' dir='ltr'><strong>nihil</strong></span> <span class='ocrx_word' id='word_1_116' title='bbox 1733 2890 1820 2944; x_wconf 74' lang='lat' dir='ltr'><strong>est,</strong></span> <span class='ocrx_word' id='word_1_117' title='bbox 1850 2887 2085 2957; x_wconf 52' lang='lat' dir='ltr'><strong>fort-‚ium</strong></span> 
     </span>
     <span class='ocr_line' id='line_1_24' title="bbox 867 2988 2215 3065; baseline 0.004 -19"><span class='ocrx_word' id='word_1_118' title='bbox 867 2988 1078 3048; x_wconf 83' lang='lat' dir='ltr'><strong>Cancer</strong></span> <span class='ocrx_word' id='word_1_119' title='bbox 1097 2991 1432 3062; x_wconf 81' lang='lat' dir='ltr'><strong>remoratur,</strong></span> <span class='ocrx_word' id='word_1_120' title='bbox 1457 2991 1617 3064; x_wconf 88' lang='lat' dir='ltr'><strong>queis</strong></span> <span class='ocrx_word' id='word_1_121' title='bbox 1641 2994 1881 3051; x_wconf 84' lang='lat' dir='ltr'><strong>obnixus</strong></span> <span class='ocrx_word' id='word_1_122' title='bbox 1906 2994 2011 3065; x_wconf 87' lang='lat' dir='ltr'><strong>sit,</strong></span> <span class='ocrx_word' id='word_1_123' title='bbox 2038 2998 2215 3052; x_wconf 82' lang='lat' dir='ltr'><strong>rates:</strong></span> 
     </span>
     <span class='ocr_line' id='line_1_25' title="bbox 867 3095 1927 3169; baseline 0.005 -17"><span class='ocrx_word' id='word_1_124' title='bbox 867 3095 988 3169; x_wconf 86' lang='lat' dir='ltr'><strong>Ego</strong></span> <span class='ocrx_word' id='word_1_125' title='bbox 1014 3096 1306 3156; x_wconf 84' lang='lat' dir='ltr'><strong>veritatem</strong></span> <span class='ocrx_word' id='word_1_126' title='bbox 1329 3100 1487 3156; x_wconf 90' lang='lat' dir='ltr'><strong>tueor</strong></span> <span class='ocrx_word' id='word_1_127' title='bbox 1511 3099 1773 3158; x_wconf 85' lang='lat' dir='ltr'><strong>immotus</strong></span> <span class='ocrx_word' id='word_1_128' title='bbox 1801 3099 1927 3158; x_wconf 88' lang='lat' dir='ltr'><strong>fide.</strong></span> 
     </span>
     <span class='ocr_line' id='line_1_26' title="bbox 866 3203 2123 3276; baseline 0.002 -16"><span class='ocrx_word' id='word_1_129' title='bbox 866 3203 1049 3271; x_wconf 79' lang='lat' dir='ltr'><strong>Quare</strong></span> <span class='ocrx_word' id='word_1_130' title='bbox 1074 3203 1224 3276; x_wconf 82' lang='lat' dir='ltr'><strong>quod</strong></span> <span class='ocrx_word' id='word_1_131' title='bbox 1260 3203 1402 3263; x_wconf 85' lang='lat' dir='ltr'><strong>vitio</strong></span> <span class='ocrx_word' id='word_1_132' title='bbox 1425 3206 1628 3275; x_wconf 86' lang='lat' dir='ltr'><strong>vertis,</strong></span> <span class='ocrx_word' id='word_1_133' title='bbox 1654 3206 1713 3263; x_wconf 90' lang='lat' dir='ltr'><strong>in</strong></span> <span class='ocrx_word' id='word_1_134' title='bbox 1737 3206 1959 3265; x_wconf 87' lang='lat' dir='ltr'><strong>laudem</strong></span> <span class='ocrx_word' id='word_1_135' title='bbox 1984 3208 2123 3265; x_wconf 91' lang='lat' dir='ltr'><strong>mihi</strong></span> 
     </span>
     <span class='ocr_line' id='line_1_27' title="bbox 863 3310 2141 3384; baseline 0.002 -15"><span class='ocrx_word' id='word_1_136' title='bbox 863 3310 1060 3382; x_wconf 83' lang='lat' dir='ltr'><strong>Redit,</strong></span> <span class='ocrx_word' id='word_1_137' title='bbox 1085 3313 1145 3370; x_wconf 90' lang='lat' dir='ltr'><strong>et</strong></span> <span class='ocrx_word' id='word_1_138' title='bbox 1167 3311 1316 3371; x_wconf 86' lang='lat' dir='ltr'><strong>hanc</strong></span> <span class='ocrx_word' id='word_1_139' title='bbox 1341 3315 1539 3384; x_wconf 88' lang='lat' dir='ltr'><strong>sponte</strong></span> <span class='ocrx_word' id='word_1_140' title='bbox 1565 3314 1809 3370; x_wconf 78' lang='lat' dir='ltr'><strong>veritati</strong></span> <span class='ocrx_word' id='word_1_141' title='bbox 1838 3313 2043 3372; x_wconf 85' lang='lat' dir='ltr'><strong>defero.</strong></span> <span class='ocrx_word' id='word_1_142' title='bbox 2070 3345 2141 3358; x_wconf 91' lang='lat'>-</span> 
     </span>
     <span class='ocr_line' id='line_1_28' title="bbox 933 3416 2102 3490; baseline 0.003 -18"><span class='ocrx_word' id='word_1_143' title='bbox 933 3416 1013 3473; x_wconf 88' lang='lat' dir='ltr'><strong>Ut</strong></span> <span class='ocrx_word' id='word_1_144' title='bbox 1036 3417 1202 3475; x_wconf 87' lang='lat' dir='ltr'><strong>vento</strong></span> <span class='ocrx_word' id='word_1_145' title='bbox 1227 3416 1476 3485; x_wconf 82' lang='lat' dir='ltr'><strong>flamma,</strong></span> <span class='ocrx_word' id='word_1_146' title='bbox 1505 3417 1732 3475; x_wconf 87' lang='lat' dir='ltr'><strong>Veritas</strong></span> <span class='ocrx_word' id='word_1_147' title='bbox 1758 3417 1905 3475; x_wconf 85' lang='lat' dir='ltr'><strong>odiis</strong></span> <span class='ocrx_word' id='word_1_148' title='bbox 1931 3418 2102 3490; x_wconf 85' lang='lat' dir='ltr'><strong>viget.</strong></span> 
     </span>
    </p>
   </div>
   <div class='ocr_carea' id='block_1_7' title="bbox 1417 3560 1742 3568">
    <p class='ocr_par' dir='ltr' id='par_1_14' title="bbox 1417 3560 1742 3568">
     <span class='ocr_line' id='line_1_29' title="bbox 1417 3560 1742 3568; baseline 0 1367"><span class='ocrx_word' id='word_1_149' title='bbox 1417 3560 1742 3568; x_wconf 95' lang='lat' dir='ltr'><strong> </strong></span> 
     </span>
    </p>
   </div>
   <div class='ocr_carea' id='block_1_8' title="bbox 667 3600 2003 3716">
    <p class='ocr_par' dir='ltr' id='par_1_15' title="bbox 667 3600 2003 3716">
     <span class='ocr_line' id='line_1_30' title="bbox 667 3600 2003 3716; baseline 0.004 -6"><span class='ocrx_word' id='word_1_150' title='bbox 667 3635 928 3713; x_wconf 77' lang='lat' dir='ltr'>xxxv1‘111.</span> <span class='ocrx_word' id='word_1_151' title='bbox 1152 3600 1508 3714; x_wconf 66' lang='lat' dir='ltr'><strong>secamus</strong></span> <span class='ocrx_word' id='word_1_152' title='bbox 1546 3656 1642 3715; x_wconf 81' lang='lat' dir='ltr'><strong>ET</strong></span> <span class='ocrx_word' id='word_1_153' title='bbox 1676 3657 2003 3716; x_wconf 79' lang='lat' dir='ltr'>LEAENA.</span> 
     </span>
    </p>
   </div>
   <div class='ocr_carea' id='block_1_9' title="bbox 854 3794 1942 3966">
    <p class='ocr_par' dir='ltr' id='par_1_16' title="bbox 854 3794 1942 3966">
     <span class='ocr_line' id='line_1_31' title="bbox 858 3794 1942 3873; baseline 0.008 -21"><span class='ocrx_word' id='word_1_154' title='bbox 858 3798 1020 3853; x_wconf 72' lang='lat' dir='ltr'><strong>Arm&gt;</strong></span> <span class='ocrx_word' id='word_1_155' title='bbox 1050 3799 1230 3857; x_wconf 89' lang='lat' dir='ltr'><strong>cubile</strong></span> <span class='ocrx_word' id='word_1_156' title='bbox 1256 3799 1513 3872; x_wconf 85' lang='lat' dir='ltr'><strong>scorpius</strong></span> <span class='ocrx_word' id='word_1_157' title='bbox 1540 3794 1767 3860; x_wconf 74' lang='lat' dir='ltr'><strong>errabat</strong></span> <span class='ocrx_word' id='word_1_158' title='bbox 1792 3801 1942 3873; x_wconf 82' lang='lat' dir='ltr'><strong>leae,</strong></span> 
     </span>
     <span class='ocr_line' id='line_1_32' title="bbox 854 3903 1905 3966; baseline 0.003 -4"><span class='ocrx_word' id='word_1_159' title='bbox 854 3903 1103 3962; x_wconf 84' lang='lat' dir='ltr'><strong>Metuens</strong></span> <span class='ocrx_word' id='word_1_160' title='bbox 1128 3905 1306 3963; x_wconf 85' lang='lat' dir='ltr'><strong>videri</strong></span> <span class='ocrx_word' id='word_1_161' title='bbox 1335 3907 1528 3965; x_wconf 86' lang='lat' dir='ltr'><strong>tantae</strong></span> <span class='ocrx_word' id='word_1_162' title='bbox 1552 3907 1905 3966; x_wconf 83' lang='lat' dir='ltr'><strong>fortitudinis</strong></span> 
     </span>
    </p>
   </div>
  </div>
 </body>
</html>
