2996 4935
688 616 760 673 46
1334 630 1393 673 a.
1432 630 1482 670 c.
1522 628 1843 673 rnssnuccu

690 791 920 850 mun.
1085 790 1448 860 mestum,
1485 788 1739 863 enus,
1776 790 1873 848 ΕΤ
1911 766 2115 848 APEs.

808 951 987 1009 Cch
1013 968 1246 1014 examen
1276 968 1443 1025 apum
1465 951 1691 1011 testudo
1714 952 1936 1011 videtur
1958 966 2145 1011 amore

877 1059 1091 1132 Repete
1117 1059 1321 1119 mellis.
1346 1060 1556 1129 Adest,
1582 1060 1641 1117 et
1667 1059 1845 1117 latrat
1866 1075 1961 1118 ore
1985 1059 2159 1119 canis,

809 1166 976 1225 Intus
1003 1182 1136 1239 apes
1161 1166 1426 1238 fremere,
1451 1168 1509 1225 et
1532 1182 1661 1227 mox
1684 1169 1843 1225 extra
1867 1165 2023 1225 bella
2047 1181 2282 1229 movere.

877 1274 1122 1334 Testudo
1149 1274 1382 1335 obducit
1403 1290 1496 1345 se,
1519 1261 1871 1347 retrahitque
1900 1272 2068 1333 domi.

811 1382 1166 1443 circumeunt
1188 1380 1402 1441 frustra
1425 1381 1712 1441 tentantes
1739 1381 1963 1441 laedere
1988 1380 2249 1451 eandem,
2362 1401 2374 1413 ·

880 1488 1128 1547 Interius
1152 1488 1352 1561 positis
1380 1502 1525 1561 quae
1549 1488 1781 1547 timuere
1812 1487 1973 1547 favis.
2069 1568 2078 1576 ι

809 1596 1028 1656 Cuncta
1052 1594 1252 1657 cohors
1277 1594 1485 1654 infesta
1510 1595 1640 1657 caui
1671 1597 1809 1672 tunc
1834 1594 2005 1657 mella
2030 1583 2216 1653 liuenti

797 1756 804 1763 .
881 1703 1123 1763 Latratu
1147 1702 1257 1761 fido
1283 1702 1578 1771 convolat,
1605 1702 1775 1773 inque
1807 1700 2004 1774 fugam

808 1809 1008 1869 Vertit.
1033 1809 1112 1866 At
1134 1808 1398 1879 ingratas
1421 1807 1748 1868 subitaneus
1772 1812 1899 1865 eiere
1924 1806 2149 1867 nimbus

879 1913 1123 1973 Turbine
1148 1911 1474 1983 confundit,
1500 1913 1728 1985 pulvere
1755 1912 2119 1972 contumulet.
2146 1944 2216 1957 —

809 2022 918 2091 Qui
944 2022 1111 2093 vidit,
1136 2036 1302 2094 super
1323 2020 1545 2080 excidio
1568 2020 1876 2079 meditatus
1902 2036 2094 2079 earnm
2110 2063 2126 2091 ,

771 2104 800 2111 ³
880 2128 1160 2200 Naturae,
1187 2130 1244 2187 et
1268 2128 1373 2187 fati
1393 2128 1601 2202 jndicis
1628 2127 1927 2187 arbitrium

809 2236 1084 2295 Versibus
1111 2235 1422 2309 imparibus
1444 2235 1623 2295 voluit
1647 2235 2008 2295 concludere:
2033 2237 2091 2293 et
2106 2235 2236 2294 illos

879 2342 992 2401 Hic
1019 2342 1130 2401 tibi
1156 2342 1429 2416 subjicio,
1454 2342 1635 2401 lector
1662 2342 1855 2405 amice.
1880 2342 2050 2401 Vale!

689 2627 817 2667 xxx.
1217 2609 1577 2668 LUCERNA
1623 2609 1715 2668 ΕΤ
1752 2595 2014 2669 POETA.

809 2772 956 2831 Fun
974 2772 1207 2831 lucerna
1231 2753 1369 2831 mihi
1399 2772 1532 2831 dare
1564 2788 1758 2830 versus
1778 2771 1939 2846 jussa
1962 2774 2049 2831 bot
2072 2771 2239 2830 annis

880 2879 1117 2956 (Versus
1141 2879 1291 2938 enim
1313 2895 1517 2939 nomen
1541 2879 1687 2939 lucis
1712 2880 1915 2938 habere
1937 2879 2156 2953 potest)

811 2985 940 3055 Dic,
971 2987 1146 3056 bona,
1169 2986 1306 3058 quid
1330 2986 1504 3046 facies
1528 2988 1915 3059 postmortem
1942 2987 2185 3058 denique
2208 2981 2505 3045 nostram?

879 3124 944 3136 —
976 3091 1276 3151 Hlustrare
1299 3093 1460 3150 tuum
1491 3094 1686 3165 funus,
1712 3095 1771 3152 et
1794 3094 1922 3153 inde
1948 3094 2111 3152 nihil.

812 3201 1032 3259 Cuncta
1055 3215 1311 3272 suprema
1335 3201 1521 3259 solent
1541 3199 1771 3259 memori
1796 3199 1903 3258 sub
1926 3200 2109 3258 mente
2134 3199 2363 3258 recondi

882 3307 1079 3377 Dicta,
1103 3308 1162 3365 et.
1185 3307 1369 3365 facta:
1397 3306 1561 3366 fidem
1585 3308 1647 3365 tu
1680 3306 1785 3364 tibi
1810 3306 1947 3366 tolle
1972 3323 2151 3364 meam
2166 3348 2181 3378 ,

813 3415 1016 3473 Postea
1037 3413 1326 3472 servitium
1353 3429 1525 3472 meme
1551 3412 1764 3471 nullius
1790 3413 1931 3471 inire

883 3521 1073 3579 Velle:
1110 3521 1251 3579 satis
1277 3523 1456 3579 tecum
1484 3536 1614 3578 nam
1639 3519 1877 3592 vigilare
1898 3520 2025 3578 fuit.
2051 3553 2123 3564 -

815 3626 962 3686 Fida
983 3627 1217 3686 lucerna
1234 3669 1250 3699 ‚
1288 3627 1414 3686 vale
1438 3628 1673 3702 longum
1700 3643 1825 3686 cum
1852 3627 2079 3701 duplice
2102 3630 2297 3703 myxo!

883 3733 1034 3791 Hinc
1057 3734 1162 3794 tibi
1185 3734 1513 3808 splendores
1534 3735 1673 3793 sunt
1692 3776 1706 3804 ,
1742 3734 2003 3807 oculique
2028 3735 2155 3796 duo.

813 3838 1156 3911 Quicumque
1181 3841 1518 3910 accendens,
1543 3842 1663 3901 oleo
1691 3842 1787 3900 det·
1807 3842 2014 3902 habere
2040 3844 2187 3916 quod
2214 3857 2400 3901 omnes

884 3944 1100 4004 Luceat
1125 3947 1184 4003 in
1213 3949 1402 4006 noctes
1421 3989 1438 4018 ‚
1473 3950 1529 4006 te
1556 3949 1680 4006 ‚sibi
1707 3951 1871 4032 coget
1897 3949 1991 4007 ali.
