2996 4935
665 772 982 858 ELEGIAE
1042 774 1138 861 ET
1199 770 1743 857 EPIGRAMMA'PA
1789 770 2214 905 ‘NONNULLA.

1339 954 1545 981 ..4-

978 1132 1080 1190 AD
1116 1132 1516 1191 JOSEPHUM
1553 1131 1901 1191 POGGIUM

599 1273 798 1315 'forms
826 1274 917 1315 Bm
943 1272 1337 1328 MEanchn,
1373 1272 1559 1322 ATQUE:
1583 1270 2059 1314 Asscnl‘rssc'rtmffl
2089 1270 2274 1315 LAUDE

1175 1360 1696 1403 INGOMPARABILEM.

651 1488 1139 1577 LAuunnaA‘ruuss
1175 1506 1312 1578 quia
1346 1504 1496 1563 valle
1536 1505 1769 1564 cubaret
1792 1504 1972 1563 amica

720 1612 984 1671 Floribus
1020 1612 1155 1673 urbs
1196 1612 1364 1683 Arni,
1401 1611 1659 1684 quisquis
1695 1611 1880 1671 adiret
1902 1626 2045 1669 eam.

647 1720 872 1779 AEmula
904 1719 1056 1793 quod
1081 1719 1264 1778 colles
1299 1720 1434 1778 urbs
1467 1717 1701 1792 impleat
1738 1720 1856 1779 alta
1892 1720 2159 1779 Senarum
2172 1763 2187 1790 ‚

717 1827 852 1889 Esse
888 1828 1186 1887 videbatur
1217 1828 1398 1902 maJor
1431 1827 1641 1887 honore
1676 1827 1807 1887 loci.

649 1935 904 2007 Poggius
919 1977 934 2004 ,
967 1935 1034 1991 ut
1069 1936 1252 2007 capite
1286 1935 1561 2005 vaequaret
1595 1934 1885 2017 Elorentia
1920 1935 2181 2009 princeps

717 2040 922 2117 Italiae
961 2056 1194 2113 regnum
1231 2040 1480 2099 sortibus
1518 2042 1689 2099 aucta
1726 2040 1888 2100 novis
1904 2082 1919 2111 ‚

650 2147 987 2205 Productam
1023 2145 1184 2205 dedit
1220 2162 1254 2205 a
1287 2145 1466 2203 muris
1483 2188 1498 2217 ‚
1536 2146 1847 2219 clivumque
1882 2147 2133 2218 subegit,

718 2254 959 2311 AEdibus
995 2252 1344 2325 amplificans
1380 2254 1476 2310 vix
1512 2252 1991 2311 numerabilibus:

647 2360 870 2420 Tiburis
908 2362 1074 2432 atque
1109 2359 1232 2418 illic
1266 2354 1539 2419 miracula
1574 2358 2109 2451 condidit,ffldens

715 2466 995 2540 Quidquid
1033 2469 1094 2525 in
1129 2470 1252 2527 arte
1288 2466 1519 2540 placens
1556 2466 1671 2538 est,
1708 2469 1767 2526 et
1804 2466 1874 2526 ab
1910 2467 2029 2526 arte
2069 2467 2245 2526 docet.

650 2574 872 2644 Nullibi
909 2575 1150 2634 circuitu
1175 2576 1338 2634 tanto
1374 2576 1462 2634 tot
1497 2591 1734 2658 amoena
1767 2574 1965 2634 viretis
2067 2575 2075 2584 '

715 2677 999 2766 Exultare'
1019 2683 1157 2751 fuit,
1193 2684 1440 2754 tempore
1478 2683 1703 2759 tamque
1738 2682 1927 2740 brevi.'

645 2789 864 2846 Adrisit
897 2789 1103 2846 natura
1135 2788 1258 2846 viro
1295 2789 1569 2846 violenter
1606 2790 1829 2862 agenti,

714 2895 857 2951 Dum
893 2908 1000 2951 sua
1033 2895 1292 2965 pervadit
1328 2894 1576 2968 viscera,
1616 2894 1867 2968 clamque
1902 2897 2077 2954 secat.

655 2999 910 3072 Namque
948 2999 1238 3058 coronavit
1272 3000 1540 3072 despectu
1576 3000 1787 3059 nobilis
1822 3001 1981 3060 urbis

713 3106 962 3177 (Quanta
999 3105 1106 3174 est)
1141 3103 1364 3164 deliciis
1401 3103 1763 3162 accumulata
1798 3109 2001 3178 supet·

645 3213 754 3271 Det
785 3211 892 3271 tibi
930 3211 1258 3287 Nestoreae,
1295 3227 1330 3270 o
1365 3211 1811 3284 praeclarissime
1848 3213 2033 3286 Poggi
2052 3255 2066 3281 ‚

717 3322 824 3378 Det
858 3321 1008 3378 Deus
1045 3320 1286 3390 aetatem
1328 3321 1494 3391 atque
1533 3320 1720 3378 valere
1759 3319 1885 3378 diu!

648 3427 860 3500 Nempe
897 3429 996 3484 tuo
1035 3425 1262 3498 ingenio
1299 3409 1537 3486 fortasse
1573 3424 1805 3484 minoris
1840 3425 2129 3484 habebunt

715 3533 938 3593 Moenia
973 3534 1288 3592 Thebarum
1324 3532 1649 3606 posteritate
1686 3533 1815 3591 sati.

644 3637 862 3698 Dicitur
897 3640 1180 3712 Amphion
1215 3640 1448 3699 movisse
1485 3621 1751 3713 sequacia
1786 3655 1923 3698 saxa

712 3749 860 3804 Voce
895 3745 1078 3819 lyrae;
1116 3761 1383 3818 praesens
1419 3747 1482 3803 tu
1518 3746 1616 3803 sed
1654 3746 1857 3804 abacta
1892 3745 2073 3804 dabas
2092 3789 2107 3816 ‚

591 3915 596 3924 ⁸
648 3852 936 3925 Adjiciens
971 3852 1188 3926 patriae
1224 3850 1641 3910 monumentum
1676 3852 1825 3923 quod
1862 3852 1941 3910 sit
1975 3852 2196 3920 honori,

719 3959 900 4030 Atque
939 3973 1152 4016 omnem
1193 3957 1384 4014 vincat
1419 3959 1641 4028 tempus
1676 3959 1737 4014 in
1774 3973 1937 4016 omne
1974 3958 2156 4016 fidem.

2272 634 2489 689 59.-
