2996 4935
655 638 727 692 24
1331 617 1384 694 l.
1427 656 1474 698 c.
1517 617 1817 697 reanuccn
1932 627 1942 638 ’

846 763 1058 822 Cavens
1084 763 1145 819 in
1171 763 1453 836 singulari
1481 764 1595 823 sibi
1620 767 1924 824 certamine
1939 808 1953 834 ‚

845 868 929 929 Ac
953 868 1003 925 si
1027 867 1236 928 1anista
1258 867 1564 941 impervius
1590 872 1747 929 esset
1773 871 1998 930 ictibus.

914 974 1123 1046 Aquila
1147 973 1414 1035 descensu
1442 992 1713 1050 praeceps
1727 1019 1743 1048 ‚
1772 979 1831 1035 et
1855 979 2019 1050 rapto
2045 977 2239 1037 fruens

841 1080 1143 1153 Reptilium
1167 1083 1226 1138 et
1248 1081 1523 1154 pecudum
1548 1098 1726 1156 genus
1750 1085 1817 1141 ut
1844 1099 2003 1143 omne
2042 1084 2302 1156 devoret,

846 1186 1148 1258 Nunquam
1173 1205 1208 1244 a
1232 1187 1390 1246 leone
1417 1187 1589 1247 rediit
1618 1205 1745 1248 cum
1781 1191 2037 1250 victoria.

655 1451 734 1508 nl.
1185 1451 1366 1510 LIXA
1416 1452 1510 1510 ΕΤ
1547 1452 1939 1513 CONSERVI.

839 1612 1072 1670 Puursa
1096 1614 1351 1686 receptus
1379 1613 1440 1670 in
1468 1615 1815 1674 consortium
1840 1616 2039 1674 domus
2054 1659 2069 1685 ,

847 1719 923 1776 Ut
943 1720 1090 1776 esset
1117 1719 1270 1777 inter
1292 1718 1511 1778 infimos
1540 1719 1687 1778 lixae
1714 1721 1843 1780 loco
1858 1764 1873 1791 ,

793 1903 800 1912 ¹
845 1825 1016 1896 Saepe
1043 1825 1406 1897 obloquenies
1431 1826 1697 1884 audiebat
1722 1827 1793 1886 ad
1821 1827 2009 1886 focum

849 1931 1116 2004 Gregales
1143 1931 1212 1989 de
1237 1930 1507 1994 divitibus
1524 1975 1539 2002 ‚
1562 1947 1751 1991 eorum
1778 1934 1835 1992 et
1864 1933 2107 1994 ferculis
2126 1978 2140 2005 ‚
2220 1923 2235 1931 ”

847 2037 1057 2110 Magna
1082 2050 1206 2096 cum
1234 2037 1468 2096 invidia.
1493 2039 1788 2098 Proximus
1816 2039 2001 2098 atille
2030 2041 2275 2100 matulae

845 2172 912 2190 —-·
935 2145 987 2201 A
1013 2143 1307 2203 desideriis
1333 2145 1637 2216 temperato
1662 2161 1792 2215 vo8‚
1822 2145 1938 2216 ait,

845 2251 1045 2308 Galam
1066 2267 1209 2332 quae
1235 2251 1465 2311 stimulo
1493 2251 1745 2312 afficiunt
1760 2293 1776 2322 ‚
1800 2269 1905 2310 nec
1938 2253 2131 2312 levant
2156 2253 2361 2312 famem

845 2357 928 2413 Ex
956 2336 1344 2430 indignatione
1367 2375 1585 2431 semper
1608 2359 1827 2417 inutili.

847 2463 1026 2527 Lauta
1052 2465 1146 2535 qui
1173 2464 1442 2534 coenant,
1466 2463 1527 2521 hi
1555 2464 1718 2538 pejus
1746 2465 1927 2537 olent,
1961 2467 2095 2528 dum
2118 2469 2341 2526 canant.
2370 2500 2436 2509 —

656 2726 760 2786 1211.
1215 2727 1930 2792 GAMELOPARDALIS.

845 2887 1356 2948 Oununornanams
1379 2888 1553 2949 habet
1576 2890 1697 2949 ulla
1720 2891 2027 2965 superbiae

846 2993 1045 3067 Signa,
1068 2994 1203 3067 vquia
1227 2994 1372 3055 collo
1398 2996 1625 3069 longius
1650 2999 1997 3070 producitur

845 3102 1023 3170 Quam
1048 3118 1151 3175 par
1173 3102 1275 3174 sit3
1302 3103 1488 3162 fronte
1516 3105 1817 3165 coronatur
1840 3106 1940 3163 sed
1969 3106 2243 3164 cornibus
2260 3150 2276 3177 ‚

847 3210 996 3269 Raro
1023 3224 1136 3269 non
1163 3212 1354 3284 aequis
1382 3212 1636 3270 cruribus
1660 3212 1966 3285 indulgens
2000 3211 2113 3269 sibi

848 3318 1104 3389 Currere,
1129 3318 1448 3390 plerumque
1473 3318 1639 3390 pellis
1664 3318 1953 3377 adulatrix
1984 3334 2137 3377 suae.

919 3424 1043 3497 Ego
1069 3424 1262 3482 notavi
1285 3423 1578 3495 quemdam
1602 3439 1889 3494 procerum
1918 3424 2079 3483 siatu

851 3531 1024 3602 Cujus
1049 3529 1387 3589 conveniunt
1413 3544 1593 3587 mores
1618 3530 1727 3587 hac
1752 3544 1877 3588 cum
1908 3530 2124 3591 bestia:

751 3618 757 3625 ⁹
853 3636 1080 3709 Lingua
1107 3630 1411 3709 praevertit
1433 3652 1555 3693 eam
1579 3635 1675 3695 sed
1701 3635 2057 3709 arrogantior

855 3726 1457 3803 circumlocutionibus
1479 3743 1812 3803 temerariis.
