2996 4935
635 599 707 656 40
1309 608 1358 653 A.
1401 607 1448 651 c.
1487 602 1796 653 nannuccn

637 772 755 831 va.
1139 766 1521 830 PRAEDURA
1565 766 1940 829 DURI'I'IES.

755 932 983 991 Dumon
1007 948 1126 991 esse
1153 931 1316 991 faber
1344 932 1492 991 ferro
1506 974 1522 1002 ‚
1546 932 1685 1003 quia.
1708 930 1930 989 molliat
1952 926 2121 996 illud,

826 1038 1074 1111 Dicitur,
1099 1040 1158 1097 et
1178 1037 1382 1097 mulier
1407 1038 1603 1096 durior
1626 1054 1745 1096 esse
1773 1036 1953 1095 fabre.

757 1146 905 1205 Nam
930 1145 1138 1217 quibus
1163 1144 1428 1217 indulget
1441 1185 1456 1215 ,
1479 1144 1631 1201 vires
1656 1141 1885 1205 deducit
1906 1142 2119 1201 eisdem
2132 1182 2147 1209 ‚

829 1250 909 1309 Ut
933 1250 1050 1308 sint
1071 1266 1302 1309 enerves
1317 1292 1333 1318 ‚
1357 1266 1482 1309 mox
1508 1248 1819 1320 animisque
1844 1248 2065 1307 cadant.

757 1358 867 1429 Qui
892 1357 1170 1428 cecidere,
1193 1356 1360 1415 fidem
1381 1357 1450 1415 de
1477 1373 1538 1415 se
1564 1356 1705 1413 dant
1728 1371 1821 1414 ore
1836 1396 1851 1425 ‚
1876 1353 2165 1425 oculisque

829 1462 970 1522 Esse
993 1463 1053 1520 in
1078 1478 1142 1521 eo
1165 1463 1233 1519 ut
1255 1463 1519 1534 pereant,
1541 1476 1707 1533 saepe
1734 1462 2035 1533 tenentque
2060 1458 2221 1517 mori.
2250 1487 2321 1499 --

759 1548 926 1629 Disce
940 1611 956 1642 ‚
987 1584 1152 1642 puer,
1177 1568 1358 1627 vitare
1383 1569 1568 1641 gradu
1592 1569 1715 1629 loca
1738 1569 1889 1627 tetra
1911 1567 2185 1639 luparum.

833 1676 964 1737 Illic
987 1691 1134 1735 mors
1159 1675 1410 1746 habitat,
1435 1677 1679 1747 suntque
1704 1690 1917 1733 venena
1938 1674 2064 1731 luis.

640 1900 780 1959 xvll.
1203 1894 1487 1954 HOSTES
1538 1894 1893 1953 HONORIS.

769 2043 918 2101 Sum
945 2040 1016 2101 ab
1040 2038 1249 2099 honore
1276 2036 1494 2108 hosteS,
1524 2036 1676 2110 lauS,
1698 2038 1865 2108 atque
1892 2036 2205 2097 calumnia:
2228 2037 2461 2095 mordax

838 2148 997 2207 Haec
1021 2149 1135 2220 est,
1159 2144 1417 2205 alliciens
1443 2150 1536 2204 ast
1559 2162 1627 2204 ea
1649 2144 1959 2205 blanditiis.

766 2256 950 2329 Polis,
973 2256 1218 2327 itemque
1245 2255 1402 2313 canis
1424 2254 1603 2313 latere
1630 2269 1700 2311 ex
1722 2256 1959 2325 utroque
1986 2230 2206 2325 quietos

835 2364 930 2422 Sic
955 2378 1058 2422 nos
1085 2377 1208 2419 esse
1232 2362 1448 2431 vetant,
1479 2362 1537 2418 et
1562 2360 1801 2433 vigilare
1824 2359 2047 2432 Jubent.

767 2467 998 2528 Invidia
1020 2466 1308 2525 obnubens
1332 2465 1380 2523 it
1404 2465 1577 2522 tertia
1593 2507 1609 2535 ,
1630 2481 1833 2524 nomen
1857 2466 1915 2524 et
1936 2467 2137 2538 urget,

836 2575 995 2644 Quod
1019 2573 1235 2632 clarum
1258 2569 1382 2630 fieri
1408 2588 1523 2630 non
1547 2572 1662 2630 nisi
1689 2573 1861 2629 morte
1888 2574 2108 2644 potest.-

768 2681 920 2754 Ergo
945 2681 1129 2740 volare
1155 2681 1342 2760 decet,
1366 2696 1470 2738 nec
1493 2679 1754 2752 utrinque
1777 2679 1973 2738 timere
1988 2724 2003 2751 ‚
2029 2669 2261 2753 peritos

836 2789 984 2846 Ante
1010 2787 1220 2845 obitum
1249 2786 1489 2846 insidias
1514 2785 1737 2857 fallere,
1771 2787 1992 2860 vimque
2018 2788 2199 2847 simul.

649 2957 813 3072 svnI.
1217 3009 1317 3068 DE
1366 3009 1905 3072 VIOLANTILLA.

770 3153 839 3210 Iu
864 3151 1194 3212 Violantilla
1222 3153 1337 3212 tria.
1358 3154 1681 3228 vespertina
1706 3156 2005 3214 notantur:
2076 3131 2085 3140 ⁴

840 3260 1000 3329 Quod
1025 3275 1126 3319 sua
1151 3260 1409 3320 dimittat
1435 3277 1634 3334 pensa3
1659 3262 1808 3334 quod
1832 3262 1901 3320 ad
1929 3261 2217 3334 speculum

771 3367 1097 3441 confugiat,
1122 3383 1290 3440 seque
1314 3368 1529 3426 involvi
1555 3346 1696 3425 velit
1719 3367 1979 3426 omnibus
2002 3380 2218 3426 omnem

843 3471 973 3530 Mox
997 3473 1352 3543 ornamentiS,
1381 3489 1525 3544 quae
1552 3488 1727 3530 novus
1752 3487 1888 3530 usus
1911 3473 2099 3532 habet.

771 3576 912 3636 Inde
938 3578 1097 3636 sedet
1121 3579 1294 3638 vestis
1318 3580 1626 3650 spectanda
1649 3579 1964 3649 volumine,
1994 3580 2169 3639 donec

841 3684 996 3744 Hora
1020 3686 1314 3746 theatralis
1340 3686 1590 3760 principe
1616 3688 1769 3744 turre
1796 3691 1971 3746 sonet.

775 3789 890 3849 Illa
915 3794 1126 3850 recedit
1150 3810 1344 3852 amans
1375 3811 1454 3852 se.
1482 3795 1627 3864 Quid
1654 3796 1702 3852 si
1728 3795 1871 3854 forte
1899 3795 2103 3854 redibit
2210 3825 2219 3830 -

775 3883 794 3893 ”
844 3896 1098 3956 Alterum
1131 3915 1321 3959 ainans
1347 3917 1380 3958 a
1405 3901 1501 3960 sc?
1524 3901 1668 3958 Sunt
1692 3919 1757 3959 ea
1783 3900 1931 3960 dona
1954 3901 2076 3958 loci.
