2996 4935
674 1070 788 1126 v11.

681 2769 811 2826 vuI.

1347 591 1395 631 Δ.
1437 592 1483 632 C.
1526 590 1827 634 runnuccn

869 700 1142 758 Incautus
1167 716 1230 758 os
1255 700 1497 759 incurrit
1520 701 1857 759 horrendum
1882 701 2046 759 canis

867 806 1105 863 Marini:
1135 806 1217 864 sic
1243 808 1303 863 et
1325 806 1496 879 periit
1520 824 1555 865 a
1578 807 1857 878 snperbia.

1415 950 1480 957 ----
1500 950 1560 957 ...αφ
1572 950 1579 955 ι
1597 952 1607 957 -

1139 1071 1441 1129 CONGER
1487 1072 1586 1129 ΕΤ
1622 1072 2035 1130 ANGUILLA.
2127 1142 2131 1147 ,

867 1231 1012 1287 I'rsa
1035 1232 1218 1291 facere
1245 1233 1316 1290 ad
1343 1232 1629 1293 Americos
1657 1233 1787 1291 dum
1812 1233 2028 1305 cogitat

867 1338 1084 1410 conger
1108 1338 1386 1410 marinus,
1409 1338 1564 1419 venit
1588 1340 1659 1397 ad
1688 1312 2013 1413 anguillam'
2028 1339 2186 1398 lacus
2200 1382 2217 1407 ,

868 1444 1022 1512 Quae
1045 1443 1132 1505 nil
1156 1444 1404 1503 sollicita
1425 1444 1629 1517 proliS‚
1656 1447 1713 1502 et
1736 1445 1819 1503 rei
1842 1461 2001 1513 suae3

867 1550 1352 1623 Peregrinationis
1377 1567 1559 1610 comes
1583 1553 1889 1610 accederet.

866 1656 1142 1728 Anguilla
1165 1655 1462 1715 consulens
1486 1673 1517 1713 e
1542 1656 1786 1729 vestigio
1810 1657 1955 1726 sibi,

871 1762 1046 1819 Simul
1063 1763 1128 1819 ‘et
1149 1778 1423 1825 excusans
1447 1779 1507 1819 se
1533 1762 1601 1819 de
1626 1761 1967 1820 lentitudine
1983 1804 1997 1831 ‚

866 1867 1052 1925 Dixit:
1077 1900 1148 1910 —
1173 1866 1250 1924 Ut
1272 1867 1496 1925 insidiis
1524 1868 1906 1926 circumventa
1929 1870 2184 1927 recedere

868 1973 1019 2031 Hinc
1041 1988 1288 2045 possem,
1317 1973 1405 2031 vel
1431 1974 1716 2045 deberem,
1742 1991 1964 2033 maneo:
1995 1978 2057 2031 tu
2083 1991 2245 2044 cave,

867 2081 1111 2153 conger,
1136 2079 1407 2154 maJorum
1433 2097 1503 2139 ne
1528 2080 1611 2139 sis
1632 2082 1841 2153 praeda
1865 2081 2134 2153 piscium,

869 2187 1136 2245 Monstris
1161 2186 1412 2245 abundat
1437 2203 1645 2259 aequor
1670 2188 1731 2244 in
1755 2188 1990 2260 longum
2014 2190 2231 2260 patens,
2269 2219 2339 2229 —

942 2293 1180 2352 Tentare
1204 2309 1352 2351 nova
1375 2295 1535 2351 trans
1552 2310 1731 2363 mare,
1757 2294 2045 2366 contingit
2067 2294 2358 2365 pluribus3

869 2398 1144 2456 succedat
1165 2413 1268 2456 nec
1295 2415 1390 2469 ne,
1413 2398 1543 2471 jure
1570 2399 1866 2459 dubitatur
1891 2399 2111 2457 tamen:

839 2574 850 2588 ἱ
875 2503 1011 2562 Rari
1034 2502 1340 2575 locupletes
1363 2504 1601 2562 redeunt
1626 2505 1771 2562 Orbe
1798 2505 1870 2563 ab
1894 2504 2089 2564 altero.

1085 2769 1126 2826 J
1127 2767 1464 2828 UPPITER
1512 2768 1608 2828 ΕΤ
1648 2769 2093 2828 AGRIOOLAE.

876 2915 1158 2994 Aouaam'r
1182 2929 1530 3002 refrigerium
1560 2930 1756 2990 mediis
1780 2931 2051 2988 messibus

871 3033 992 3092 Sibi
1017 3033 1418 3108 supplicabant
1441 3035 1695 3094 mitteret
1719 3037 1787 3092 ut
1810 3035 2098 3108 Diespiter

875 3140 1180 3214 Agricolae
1205 3141 1443 3200 litterati
1468 3157 1641 3214 supra
1664 3143 1945 3202 masculae

874 3247 1182 3307 Virilitatis
1205 3263 1380 3306 nsum.
1407 3249 1517 3306 Sed
1544 3248 1836 3322 redarguit

874 3355 994 3412 Hos
1019 3353 1354 3426 insipientes
1380 3354 1419 3412 J
1421 3354 1649 3425 uppiter
1678 3353 1910 3410 inflatus
1936 3353 2130 3424 genis:

873 3491 943 3502 -
968 3460 1140 3519 Vobis
1166 3459 1423 3524 mutatis,
1448 3460 1701 3529 tempora
1726 3459 1941 3514 mutare
1968 3473 2199 3530 nequeo.

873 3566 1078 3624 Carens
1103 3565 1286 3624 calore
1313 3564 1515 3620 tritura
1540 3564 1854 3621 necessario

873 3673 1088 3745 Fruges
1112 3672 1298 3731 adhuc
1320 3671 1596 3730 lactentes
1622 3670 1875 3730 omnibus
1902 3671 2114 3729 horreis

871 3778 1023 3859 Male
1048 3779 1410 3851 praepararet
1435 3779 1509 3836 ad
1534 3779 1839 3836 sedandam
1866 3779 1979 3835 vim
2003 3777 2191 3835 famis
2216 3809 2285 3820 --

879 3884 1096 3942 Studiis
1118 3901 1318 3946 vacare
1344 3885 1687 3944 commodum
1714 3886 1823 3954 est,
1848 3882 2145 3956 ligonibus
