2996 4935
1148 577 1519 640 sesumam.

425 762 620 818 mvl.
909 761 1377 817 DESIDERHJM
1420 736 1775 818 sI‘LENTn.

617 917 866 976 Noui-uu
893 935 1016 978 cum
1039 932 1174 991 pace
1203 917 1462 976 amabilis
1486 918 1702 974 silentii

617 1025 884 1098 Agebant
907 1026 1124 1084 veteres
1149 1026 1222 1083 ab
1245 1025 1368 1082 avis
1394 1026 1452 1082 et
1475 1023 1785 1097 majoribus

617 1132 1080 1204 Obtemperantes
1116 1130 1549 1191 invitationibus

611 1238 829 1308 Somni,
858 1240 1093 1298 naturae
1120 1237 1318 1295 matris
1345 1237 1417 1294 ad
1445 1239 1645 1294 nutum
1670 1238 1841 1310 pium.

614 1343 720 1400 Sed
745 1359 895 1402 nunc
921 1346 1200 1417 nocturna
1221 1344 1382 1415 quies
1409 1344 1633 1402 omnino
1659 1342 1887 1415 perdita

621 1448 679 1505 It
703 1449 1052 1508 incessantes
1081 1450 1310 1522 propter
1339 1465 1505 1508 curas
1521 1491 1535 1518 ‚
1560 1451 1619 1507 et
1641 1448 1925 1506 hominum

612 1554 1002 1612 Sollertiorum
1027 1555 1350 1626 constipata
1372 1555 1618 1627 negotia.

611 1661 772 1718 Adde
797 1663 854 1718 et
877 1665 1152 1734 vagantes
1179 1677 1362 1720 rerum
1389 1661 1822 1734 promercalium

610 1766 818 1825 Currus
847 1768 905 1824 in
936 1768 1168 1837 seriem,
1193 1767 1501 1840 rapiditate
1527 1767 1773 1826 maxima

611 1873 850 1945 Vaporis
875 1875 932 1930 et
955 1876 1203 1932 rotarum
1231 1875 1659 1946 confligentium

611 1979 746 2036 Cum
768 1978 916 2038 ferro
940 1997 1039 2052 per
1065 1981 1310 2039 directas
1334 1981 1589 2039 strictius
1616 1981 1750 2037 vias,

613 2083 866 2144 Habebis
893 2084 1025 2142 hinc
1049 2085 1196 2156 quod
1220 2085 1454 2142 suadeat
1479 2085 1597 2142 alta
1622 2085 1893 2142 montium

612 2193 814 2248 Amare
833 2191 980 2262 juga
1005 2207 1127 2248 cum
1153 2189 1460 2248 solitudine
1488 2192 1719 2261 tuguri,

613 2295 726 2352 Ubi
751 2295 1044 2354 invocatus
1068 2310 1298 2353 somnus
1325 2295 1498 2365 adsit,
1526 2295 1583 2352 et
1609 2293 1830 2352 adferat

615 2400 1109 2474 Tranquillitatem
1135 2402 1352 2474 pulsam
1380 2401 1450 2458 ab
1476 2402 1627 2459 omni
1653 2401 1883 2458 vallium

615 2508 864 2566 Planitie
880 2550 894 2579 ‚
921 2514 978 2565 et
1005 2508 1336 2567 civitatibus
1362 2523 1468 2565 usu
1496 2508 1866 2566 incommodis

611 2616 1066 2687 Spectaculorum
1093 2615 1356 2687 populari
1381 2614 1715 2687 frequentia.

688 2718 905 2791 Amice,
929 2736 998 2777 ne
1026 2720 1284 2791 graveris
1311 2721 1509 2778 audire
1534 2722 1831 2792 querulum
1904 2698 1910 2704 ’

621 2826 712 2883 Me
738 2827 803 2883 de
832 2826 1080 2898 priorum
1108 2825 1428 2897 depravatis
1453 2826 1702 2883 moribus
1721 2870 1735 2896 ,

539 2954 544 2959 ·
621 2932 739 2988 Aut
757 2930 1112 2989 intermissis.
1140 2964 1209 2973 —
1235 2932 1342 3002 Qui
1369 2933 1607 2989 naturae
1634 2934 1756 3002 dat,
1783 2948 1947 2990 suum

622 3036 782 3105 Quod
807 3036 917 3107 est,
945 3050 1137 3108 sospes
1162 3038 1220 3093 in
1247 3052 1425 3094 annos
1453 3036 1551 3093 ille
1572 3037 1777 3109 recipit
1803 3053 1986 3095 suum.
2012 3069 2083 3079 —

431 3319 650 3376 xxxle.
1012 3318 1262 3377 MURES
1300 3318 1393 3376 ΕΤ
1430 3317 1679 3376 CANIS.

631 3481 815 3540 Imm
841 3482 1133 3540 macellum
1159 3482 1313 3540 soliti
1341 3483 1765 3541 circumvertere

625 3588 814 3647 Mures
837 3588 1064 3660 impune
1092 3604 1151 3645 se
1175 3604 1274 3659 per
1298 3590 1490 3646 noctes
1514 3588 1771 3660 singulas
1788 3630 1803 3658 ,

625 3693 971 3765 Muscipulas
999 3695 1130 3750 dum
1156 3694 1458 3764 cavebant,
1485 3694 1551 3752 de
1579 3694 1778 3767 pingui
1806 3710 1943 3775 ean‘e

629 3799 793 3857 Nihil
821 3801 1122 3870 curabant,
1148 3816 1290 3871 quae
1315 3800 1577 3871 porrecta
1600 3801 1870 3859 stramine

633 3906 803 3963 Laxis
827 3906 1094 3963 uberibus
1119 3904 1433 3963 dormiebat
1461 3905 1535 3963 ad
1561 3905 1709 3965 fores
1725 3928 1743 3963 2

2186 582 2251 638 17
