2996 4935
710 565 778 619 36
1385 579 1437 619 A.
1478 576 1527 618 c.
1569 573 1869 621 rsnuuccn

1047 649 1181 720 ΓΡ.

707 740 814 798 v11.
1123 739 1503 800 SUPERBIA
1543 711 1639 799 ET
1680 739 2119 801 PATIENTIA.

757 899 1058 988 Inimici-ra
1085 899 1348 960 humanis
1373 902 1703 975 plerumque
1726 902 2000 975 superbia
2025 903 2191 960 rebus

830 1006 979 1075 Quid
1007 1007 1258 1068 conferre
1283 1009 1416 1069 boni
1442 1009 1649 1082 possit,
1674 1009 1883 1081 amice,
1907 1009 2097 1082 petis?

757 1145 825 1156 -
843 1113 1056 1186 Nempe
1075 1113 1134 1172 id
1151 1115 1304 1189 quod
1319 1115 1543 1174 Christo
1562 1117 1807 1176 satanas
1828 1115 1987 1174 dedit
2008 1114 2193 1175 hostis
2212 1111 2554 1182 habendum,

829 1219 1038 1280 Nobile
1059 1220 1847 1295 doctrinam-perpetuumque
1876 1222 2065 1282 decus.
2095 1251 2161 1265 --

762 1327 968 1387 Omnia
992 1328 1171 1387 vincit
1195 1328 1345 1387 enim
1369 1328 1656 1402 patientia
1680 1329 1873 1388 durior
1898 1329 2041 1402 ipsis

829 1434 1130 1514 cautibus,
1155 1434 1428 1494 edomitas
1453 1435 1617 1508 queis
1639 1452 1792 1496 mare
1816 1435 1992 1495 sentit
2018 1451 2212 1508 aquas

714 1755 850 1814 v111.
1149 1723 1154 1728 ’
1323 1753 1545 1814 rems
1590 1757 1687 1815 ΕΤ
1725 1756 1918 1815 Aws.

660 1919 672 1930 '
755 1915 928 1974 Funis
953 1915 1103 1988 apud
1129 1915 1299 1974 vitem
1323 1930 1514 1974 secum
1538 1917 1833 1976 contracta
1848 1917 2107 1992 jacebat,

822 2022 992 2080 Ullus
1015 2023 1336 2096 dependens
1358 2023 1514 2082 >unde
1538 2039 1795 2082 racemus
1826 2025 1970 2082 erat.

759 2129 930 2190 Venit
955 2131 1097 2201 aviS,
1123 2132 1304 2191 rostro
1328 2147 1610 2205 exsugens
1636 2148 1778 2204 quae
1801 2132 2005 2205 figeret
2024 2145 2211 2190 uvam.

829 2268 892 2280 —
916 2236 1186 2296 Abstine:
1211 2268 1282 2279 —
1306 2237 1392 2295 ait
1415 2241 1607 2296 custos
1632 2237 1761 2296 felis
1784 2269 1855 2280 —
1878 2253 1984 2310 ego
2010 2236 2262 2310 advigilo
2284 2279 2299 2305 ‚

755 2343 842 2401 Ne
867 2343 994 2415 quis
1018 2345 1343 2416 contingat,
1369 2345 1484 2402 nisi
1509 2345 1787 2403 Bacchae.
1813 2343 2055 2402 Avicula
2081 2345 2281 2402 contra

830 2480 883 2492 -
915 2448 1174 2507 Bacchus
1203 2448 1366 2506 abest
1387 2481 1459 2492 —
1483 2449 1646 2506 dixit.
1674 2481 1743 2492 —
1771 2448 1961 2523 Tigris
1986 2450 2047 2507 at
2074 2448 2202 2521 ipsa
2224 2451 2355 2509 veto
2388 2482 2456 2491 —

752 2553 900 2613 Voce
927 2552 1099 2613 refert
1121 2552 1252 2611 felis
1275 2555 1579 2612 metuenda
1604 2554 1832 2613 horrore
1859 2554 2135 2627 pilorum3

820 2660 980 2718 Tunc
1005 2658 1210 2719 etenim
1235 2659 1490 2717 meminit
1516 2659 1749 2732 tigridis
1777 2676 1895 2719 esse
1920 2676 2092 2721 soror.

751 2766 900 2825 Hinc
923 2767 1025 2825 sed
1053 2765 1172 2825 avis
1195 2765 1446 2839 fugienS,
1473 2766 1761 2825 sitientem
1786 2768 1991 2840 pellere
2018 2770 2090 2827 ab
2117 2786 2229 2828 uva

829 2874 1267 2933 Lamentabatur
1291 2876 1438 2946 quod
1461 2874 1718 2935 licuisset
1743 2874 1983 2936 adhuc:-

755 2981 901 3039 Nam
927 2980 1212 3040 libertatis
1237 2996 1559 3049 communes
1583 2998 1809 3041 munere
1836 2986 1971 3042 sunt
2006 3001 2094 3042 res

771 3088 784 3099 ‘
823 3088 1115 3161 Tempore,
1142 3102 1252 3160 quo
1275 3088 1470 3161 populi
1495 3087 1583 3146 vis
1608 3089 1907 3148 manifesta
1926 3088 2107 3163 jubet.

700 3410 853 3469 va.
1287 3407 1561 3468 HIRCUS
1600 3408 1693 3466 ΕΤ
1729 3406 1949 3467 APER.

753 3569 994 3629 Mittimus
1019 3570 1335 3629 habebatur
1361 3569 1569 3628 Veneri
1592 3586 1781 3627 sacra:
1809 3569 2001 3629 nullus
2025 3569 2088 3629 in
2114 3570 2313 3629 umbra

820 3676 1090 3734 Constitit
1112 3678 1233 3751 ejiis
1249 3693 1391 3749 ⁴aper
1406 3722 1420 3747 ‚
1445 3677 1542 3750 qui
1570 3677 1753 3737 scelus
1778 3677 1935 3735 intus
1955 3676 2093 3743 olet.
2188 3696 2195 3705 ·

751 3780 930 3837 Dente
954 3780 1156 3840 ferocis
1183 3782 1308 3854 apri
1330 3783 1503 3856 periit
1526 3784 1657 3842 'nam
1684 3784 1919 3857 pulcher
1946 3784 2167 3843 Adonis

819 3886 1058 3955 Caesus,
1086 3887 1379 3949 Acidaliae
1407 3892 1651 3949 maxima
1677 3908 1813 3951 cura
1834 3892 2003 3951 Deae.
2092 3961 2098 3969 ·
