2996 4935
640 1335 765 1377 va.

648 2708 800 2765 nva.

1301 622 1370 662 A:
1391 624 1445 664 0.
1487 622 1786 666 rmnuccn

827 733 1064 805 Propter
1101 733 1359 790 naturam
1399 732 1634 806 cespitis
1670 733 1937 792 humilem
1976 735 2111 795 loco.

897 837 1060 896 Infra
1094 838 1368 898 secundos
1403 839 1599 898 sedeat
1634 839 1729 911 qui
1775 841 1899 898 vult
1936 819 2178 900 flatibus*
2422 872 2431 882 =

828 943 1084 1003 Invidiae
1121 943 1208 1002 nil
1246 947 1547 1004 concedere
1562 989 1578 1018 ,
1615 949 1841 1018 praeter
1875 947 2021 1006 affici
2202 938 2209 949 ’
2302 919 2314 935 “

827 1051 1088 1110 Sinistris
1123 1052 1326 1123 (donec
1361 1053 1555 1112 vivere
1590 1053 1698 1127 sit)
1736 1055 2073 1114 rumoribus.

1137 1319 1332 1377 URSA
1368 1319 1461 1376 ΕΤ
1495 1319 1962 1379 VENATORES.

830 1479 1116 1537 Curius
1154 1478 1350 1536 matris
1387 1478 1552 1537 ibant
1590 1481 1745 1539 circa
1782 1481 1931 1539 retia

830 1585 1020 1644 Catuli
1057 1603 1118 1646 se
1157 1587 1494 1646 devoventes
1534 1588 1899 1647 venatoribus

834 1692 972 1767 Ejus
1007 1708 1110 1766 pro
1145 1693 1434 1762 libertate,
1470 1693 1761 1766 supplices
1794 1694 1975 1752 simul.

829 1801 940 1858 Ast
973 1800 1190 1859 efferati
1225 1799 1418 1857 surdis
1455 1800 1716 1870 auribus,
1752 1817 1914 1873 prece

831 1907 1053 1980 Derisa‚
1094 1907 1456 1965 deterrebant
1491 1909 1735 1966 verubus
1774 1906 1856 1966 sic
1893 1906 2035 1980 pios,

826 2043 903 2059 --
927 2011 1202 2084 Crescite,
1239 2012 1594 2084 clamabant,
1630 2013 1689 2070 in
1727 2013 2019 2085 quaestum
2054 2013 2353 2086 pecuniae!

839 2119 1102 2180 Ursorum
1138 2136 1378 2194 namque
1413 2120 1560 2191 pelle
1598 2120 1836 2192 pellitur
1872 2119 2023 2194 gelu.

908 2227 1088 2287 Caeca
1111 2229 1201 2286 est
1223 2227 1447 2286 utilitas
1462 2272 1478 2301 ,
1508 2227 1711 2286 Orbem
1736 2229 1795 2286 et
1816 2226 2068 2285 immolat
2093 2226 2232 2298 sibi,

839 2335 1150 2408 Utcumque
1186 2335 1368 2407 pietas
1405 2334 1745 2393 retrahendo
1782 2334 2032 2392 motibus

836 2439 1098 2501 Obsistat
1133 2441 1345 2527 cordia,
1380 2440 1620 2501 suadeat
1657 2443 1715 2499 et
1750 2440 2124 2499 miserescere.

1141 2709 1446 2766 ALIPIUS
1489 2707 1584 2765 ΕΤ
1623 2709 1978 2767 SORORES.

841 2869 1082 2927 Animus
1117 2868 1458 2942 impetrabat
1493 2884 1527 2927 a
1564 2872 1727 2942 patre
1745 2913 1761 2941 ,
1796 2872 1863 2927 ut
1898 2869 2071 2929 semel

838 2975 1061 3034 Liceret
1093 2974 1368 3034 interesse
1408 2992 1536 3034 cum
1572 2976 1865 3035 sororibus

842 3081 1313 3156 Tragoediarum,
1349 3084 1408 3139 et
1442 3084 1776 3149 chorearum
1812 3083 2152 3156 spectaculis

849 3188 1183 3261 NocturniS,
1217 3206 1359 3263 quae
1397 3191 1530 3249 dum
1566 3168 1779 3249 fallunt
1813 3190 2007 3249 oculos
2023 3233 2039 3261 ,
2074 3188 2359 3247 mentibus

841 3296 1158 3354 Infundunt
1195 3282 1573 3369 cognitionem
1610 3296 1797 3357 cordis
1834 3296 2107 3353 intimam.

843 3402 1014 3461 Pater
1047 3402 1393 3476 interceptus
1428 3404 1714 3477 precibus,
1750 3402 1810 3462 et
1844 3402 2078 3460 nimium
2114 3400 2287 3472 leviS,

845 3508 1186 3580 Disciplinae
1221 3508 1478 3581 privatae
1516 3524 1723 3582 passus
1758 3510 1847 3567 est
1882 3506 2009 3565 dari

844 3615 966 3673 Has
1002 3616 1165 3687 quasi
1201 3616 1494 3689 suppetias
1532 3612 1942 3677 consuetudine
1978 3614 2260 3687 publicas,

717 3770 722 3775 .
845 3722 998 3779 Bene
1034 3724 1284 3781 moratae
1321 3723 1380 3781 et
1417 3724 1595 3783 diruit
1630 3721 1949 3783 aedificium
1988 3722 2200 3781 domus.

914 3830 1140 3899 Quanta
1175 3832 1262 3889 est
1295 3830 1506 3907 injuria
1522 3874 1539 3902 ‚
1576 3848 1719 3903 quae
1758 3830 1823 3888 fit
1855 3831 2251 3911 innocentibus

849 3932 1061 3993 Puellis
1081 3976 1097 4005 ‚
1135 3935 1458 3999 inconsulta
1495 3938 1847 3997 conscientia
1867 3940 1880 3995 Ξ
1902 3998 1907 4005 ,
