2996 4935
1178 654 1530 711 &Asuuium
2213 648 2283 704 23

454 846 734 905 xxxma.
1015 846 1250 905 censs
1287 846 1381 903 ΕΤ
1417 823 1721 904 camai.

644 990 1002 1047 Asarinum
1025 988 1262 1048 nitorem
1287 989 1450 1046 Luna
1473 986 1624 1059 quod
1648 987 1861 1047 habeat·
1877 1029 1891 1055 ‚
1928 1000 1947 1027 ⁸

645 1096 876 1153 Latrare
900 1110 1066 1155 canes
1091 1095 1204 1155 fert
1226 1100 1346 1169 ejus
1371 1095 1444 1154 ad
1469 1094 1874 1169 spectaculum.

646 1202 737 1259 An
762 1216 874 1287 non
899 1200 995 1259 hie
1018 1218 1137 1261 mos
1159 1204 1249 1260 est
1272 1202 1514 1274 criticis,
1540 1202 1637 1259 nbi
1663 1199 1945 1259 volumine

647 1308 808 1369 Novo
832 1326 892 1367 se
915 1309 1118 1381 prodat
1141 1309 1413 1381 scriptor,
1440 1306 1788 1392 conscientia

649 1416 758 1483 Qui
782 1415 965 1473 nitida
993 1416 1357 1487 persequatur
1381 1414 1529 1473 vitia
1552 1413 1824 1487 temporis
1846 1455 1860 1481 ‚

629 1520 1004 1583 .Reeentiores
1034 1522 1255 1579 revocet
1278 1521 1337 1578 et
1361 1519 1432 1577 ad
1458 1520 1726 1593 optimam

651 1626 924 1700 Majorum
949 1626 1102 1685 eirea
1131 1640 1310 1685 mores
1334 1625 1840 1685 consuetudinem?

720 1732 987 1791 Lati-etur
1010 1748 1145 1807 ergo
1167 1731 1434 1804 utrinqne
1461 1748 1678 1805 semper
1706 1731 1969 1791 inaniter.

462 1997 762 2057 xxxxva.
997 1996 1245 2055 FENUS
1281 1997 1375 2054 ΕΤ
1419 1996 1747 2055 BELLUM.

659 2158 812 2215 Ono
840 2157 1128 2231 fenerari
1151 2155 1292 2212 dixit
1313 2186 1383 2197 --
1407 2154 1695 2213 hominem
1724 2155 2005 2226 occidere.
2036 2186 2103 2197 --

653 2264 800 2335 Quid
827 2266 915 2321 est
939 2262 1088 2335 quod
1111 2260 1275 2321 hodie
1299 2261 1617 2321 feneramur
1642 2260 1703 2318 in
1730 2260 1847 2319 otio

656 2370 1004 2437 Mensarum,
1029 2368 1112 2426 sic
1135 2370 1202 2425 nt
1226 2368 1410 2427 vivere
1437 2367 1517 2425 sit
1541 2368 1609 2425 de
1634 2366 1917 2441 sanguine

655 2479 917 2536 Fratrum
941 2476 1412 2550 quamplurimos?
1439 2508 1511 2519 —
1534 2475 1653 2533 Pax
1678 2475 1740 2532 in
1766 2475 1895 2535 odio
1920 2476 2011 2534 est
2037 2474 2241 2549 gregis

654 2585 931 2643 Humani:
957 2585 1263 2656 temperare
1290 2599 1448 2642 nemo
1472 2582 1598 2640 vult
1621 2582 1733 2642 sibi

659 2690 1056 2762 voluptuosus.
1080 2690 1232 2764 Ergo
1257 2690 1395 2748 luxu
1420 2689 1634 2763 perditi

661 2796 1028 2868 Tot¹perennt
1052 2796 1187 2867 quot
1210 2796 1270 2852 in
1295 2796 1414 2853 acie
1446 2812 1597 2854 nuno
1628 2795 2031 2854 confertissimi

661 2903 928 2962 Novitate
954 2902 1338 2961 machinarum
1373 2901 1867 2960 exterminantium

659 3009 882 3068 Nemesi
907 3007 1189 3067 Libitinae
1215 3007 1483 3067 horribile
1508 3008 1648 3066 dant
1672 3007 1981 3080 negotium.

355 3323 363 3332 .
472 3291 519 3332 1„
904 3271 1191 3341 AQUILA
1227 3270 1519 3340 BICEPS,
1581 3271 1674 3326 ΕΤ
1710 3270 1869 3327 LEO.

666 3435 874 3493 BicnPs
899 3433 1096 3506 aquila
1119 3433 1268 3492 leoni
1295 3448 1467 3505 quum
1495 3432 1858 3492 contenderet

664 3541 950 3615 configere
973 3541 1162 3600 oeulos
1185 3540 1475 3612 unguibus
1503 3538 1719 3598 adactis
1741 3581 1757 3609 ,
1782 3538 1967 3596 levem

669 3648 860 3706 Sensit
883 3663 942 3705 se
967 3647 1230 3719 pedibus:
1257 3647 1317 3702 et
1337 3645 1445 3702 oh!
1475 3637 1649 3715 dixit,
1676 3644 1725 3702 si
1748 3644 2015 3714 quattuor

668 3753 870 3812 Essent
895 3753 984 3824 hi,
1008 3769 1118 3826 qno
1142 3751 1428 3823 triumpho
1457 3751 1760 3822 gauderem
1784 3748 1956 3807 mihi!
1988 3782 2059 3793 —
2178 3739 2197 3764 “

673 3859 782 3917 Leo
808 3857 1074 3916 beneficio
1099 3856 1387 3928 superavit
1411 3857 1508 3914 sed
1537 3873 1719 3914 morae
1736 3900 1751 3927 ‚

673 3965 919 4034 Quatuor
945 3963 1214 4022 insistens
1244 3963 1479 4034 pedibus
1502 4005 1517 4034 ‚
1546 3962 1755 4049 cantiae
1781 3963 1839 4021 et
1862 3964 2093 4022 verbere
