2996 4935
465 3446 536 3503 11.

1223 591 1503 636 Emeum.

583 707 714 764 Huc
739 705 796 762 et
821 704 970 776 apud
995 678 1240 762 statuam
1269 702 1537 774 Nasonis,
1566 704 1789 761 nomine
1812 705 1870 761 in
1896 719 2007 762 uno

657 811 857 870 Confer
883 826 1010 869 cum
1037 809 1253 869 chartis
1281 810 1472 869 omnia
1495 812 1711 884 scripta
1732 827 1870 870 mea.

583 919 675 975 Sit
705 918 993 976 cumulare
1020 933 1217 991 pyram
1243 917 1532 992 congestis
1556 919 1653 989 qui
1680 918 1819 975 velit
1842 919 1981 988 illis,

656 1024 726 1082 In
764 1025 1014 1083 flammas
1039 1024 1210 1084 abeat
1236 1025 1386 1082 vatis
1411 1026 1470 1083 et
1495 1040 1658 1082 omne
1684 1040 1849 1097 penu.

585 1133 799 1190 Fumus
834 1133 928 1190 eat
953 1133 1120 1205 longe
1148 1133 1206 1188 et
1228 1131 1340 1189 late
1367 1131 1607 1190 fastidia
1630 1133 1765 1190 nota

655 1238 866 1298 Italiae
895 1239 1113 1296 faciens
1141 1238 1302 1310 artis,
1327 1239 1561 1311 opisque
1586 1255 1755 1310 suae;

588 1345 728 1404 Inde
757 1362 927 1418 super
951 1346 1145 1419 pulcro
1171 1347 1494 1419 peregrinis
1510 1346 1607 1420 jus
1636 1348 1843 1417 datum,
1870 1349 1928 1404 et
1951 1364 2145 1420 aequo,

659 1453 844 1526 Atque
871 1451 1185 1525 abjuratam
1202 1495 1218 1524 ,
1243 1466 1384 1525 quae
1412 1452 1525 1510 fuit
1548 1455 1697 1524 ante,
1722 1453 1901 1512 fidem.

584 1560 668 1617 'l'u
697 1575 823 1617 vero
849 1558 1114 1631 exequias
1138 1559 1413 1627 cantabis,
1442 1559 1642 1618 amice:
1679 1577 1779 1619 nec
1816 1561 1936 1619 ulla

657 1665 898 1723 Intersit
935 1667 1115 1740 guttis
1152 1665 1394 1738 praefica
1413 1666 1498 1724 rfle
1506 1665 1740 1725 bilibus:

589 1773 698 1829 Sed
736 1772 880 1831 cinis
917 1771 1177 1830 inficiens
1203 1771 1394 1831 oculos
1422 1774 1587 1846 atque
1614 1790 1714 1832 ora
1740 1776 2024 1834 videntum

653 1881 797 1938 Prae
823 1881 1022 1950 Borea,
1061 1881 1314 1940 invidiae
1353 1897 1536 1954 poena
1573 1883 1789 1942 tenacis
1826 1884 1948 1941 erit.

1153 2102 1573 2172 ,AVARUs

590 2245 736 2313 Quin
759 2246 851 2320 sit
877 2262 1080 2304 avarus
1107 2258 1289 2318 opum,
1315 2247 1529 2306 veteres
1554 2241 1877 2317 plerumque
1902 2247 2161 2306 solebant

652 2351 892 2426 Fingere
919 2353 981 2410 in
1006 2351 1238 2426 aegroto
1265 2367 1482 2424 semper
1507 2352 1747 2411 habente
1772 2351 1946 2410 sitim.
2106 2331 2115 2340 ’

582 2458 702 2535 Hoc
727 2459 827 2519 sed
857 2433 1035 2535 agens
1061 2476 1247 2519 secum
1274 2459 1384 2519 fert
1408 2459 1507 2519 ille
1532 2461 1605 2521 ab
1630 2459 1877 2535 imagine
1899 2441 2103 2521 morbi:

655 2565 834 2635 Quam
857 2566 936 2625 sit
959 2568 1121 2634 edax,
1146 2567 1276 2627 aliis
1301 2569 1503 2629 damna
1526 2585 1785 2641 suprema
1808 2586 2031 2643 parans,

583 2671 857 2731 Noscitur
881 2690 950 2731 ex
973 2674 1196 2745 hedera,
1225 2690 1372 2745 quae
1397 2676 1606 2734 fertilis
1632 2675 1993 2735 articulorum

652 2781 922 2853 Implicat
947 2780 1246 2839 arboribus
1271 2798 1348 2853 se,
1373 2782 1690 2853 saliensque
1717 2782 1878 2852 viret,

586 2889 662 2945 Et
690 2888 854 2962 viget
876 2888 1440 2985 exsugenstalitsnento
1465 2889 1616 2960 quod
1640 2889 1719 2947 sit
1739 2906 1946 2959 earum,
1979 2903 1986 2910 ·

656 2995 846 3053 Donec
872 2995 945 3054 ad
971 2994 1258 3053 interitum
1279 2995 1336 3052 vi
1360 2994 1660 3068 peredente
1682 2996 1888 3054 trahat.

585 3102 692 3160 Sed
719 3117 889 3173 super
913 3101 1210 3161 arboribus
1239 3104 1372 3177 (nec
1390 3102 1622 3175 longum
1646 3102 1887 3174 tempus)
1906 3102 2121 3161 adustis

655 3209 796 3281 Ipsa
821 3209 1014 3268 eadem
1040 3209 1290 3279 moritur,
1315 3208 1523 3281 pendet
1546 3210 1603 3265 et
1626 3210 1761 3280 apta
1784 3208 1923 3267 foco.

1180 3446 1509 3507 SENATU
1522 3450 1589 3506 S?

583 3590 730 3648 Essa
757 3592 1045 3650 senatores
1071 3592 1139 3649 ab
1163 3591 1370 3650 honore
1389 3634 1403 3662 ,
1428 3592 1651 3663 situque
1675 3595 1929 3651 senectae

654 3698 862 3771 Accepi
902 3698 1102 3769 dictos,
1139 3714 1242 3756 nec
1281 3698 1400 3756 sine
1438 3700 1621 3757 mente
1657 3700 1807 3771 puto.

585 3805 694 3864 Sed
730 3805 875 3864 situs
912 3805 1142 3866 obsistit.
1177 3805 1498 3877 plerumque
1535 3804 1845 3865 minoribus
1880 3825 2035 3879 aevo,

658 3912 900 3979 Quorum
939 3917 1026 3981 est
1061 3911 1368 3971 munditias
1405 3911 1673 3983 excolere,
1700 3915 1863 3985 atque
1900 3917 2073 3988 sequi.

2219 581 2291 636 33
