2996 4935
425 1843 442 1887 i

1141 551 1466 606 Arpnumx.
2160 547 2227 597 ⁷5

532 641 782 716 Adiuvat
817 640 966 701 hane
1004 641 1316 714 splendore
1354 639 1519 700 color
1554 642 1836 716 captante>
1859 643 2121 706 favorem

601 730 885 791 Omnibus
923 745 955 788 a
993 734 1221 805 pueriS,
1260 729 1707 816 virginibusque
1746 731 1936 793 simul„

532 823 648 880 Nos
685 834 892 881 sumus
930 835 962 878 e
999 835 1280 892 numero,
1320 833 1428 878 nos
1465 811 1851 890 advigilamus
1888 820 2107 894 eidem,

605 913 683 968 Ne
722 910 914 983 capiat
948 909 1146 968 damni
1185 908 1325 982 quid
1366 908 1667 982 redolente
1705 925 1887 981 coma

533 1000 679 1057 Vae!
717 1001 766 1056 si
805 997 1052 1057 decidua
1088 1001 1207 1066 est,
1250 997 1337 1054 vel
1377 1012 1511 1054 eum
1552 996 1810 1056 demittit
1849 999 2166 1069 honorem,

604 1091 731 1158 Quo
769 1087 1058 1160 gaudebat
1095 1086 1247 1160 apud
1285 1091 1452 1160 septa
1489 1085 1768 1145 decenter
1806 1088 1991 1146 hians.

535 1180 724 1246 Quare
763 1175 866 1234 vos
907 1191 1148 1243 moneo,
1190 1175 1396 1249 procul
1435 1174 1573 1232 hine
1611 1178 1827 1243 estole,
1868 1175 2167 1235 volueres!

603 1267 746 1356 Nam
783 1265 1000 1337 eapite,
1039 1267 1139 1322 aut
1175 1264 1282 1321 alis
1321 1277 1428 1322 vos
1465 1263 1613 1321 male
1652 1262 1869 1322 habere
1904 1264 2071 1322 foret.

852 1407 1253 1464 PHILOMELA
1301 1408 1391 1492 ET
1441 1407 1772 1464 HlRUNDO.

531 1515 671 1574 Dim
707 1514 977 1586 queritur
1015 1513 1324 1588 philomela
1351 1513 1459 1578 sub
1485 1513 1726 1584 arbore,
1756 1513 1958 1572 trissat
1986 1513 2238 1586 hirundo

605 1600 864 1660 Culmine
903 1601 1014 1661 sub
1053 1601 1224 1672 tecti,
1259 1616 1363 1660 rus
1395 1601 2026 1674 ‘habitantquejneum

534 1690 772 1762 Ingenio
807 1690 975 1749 dolor
1011 1693 1102 1749 est
1139 1693 1476 1764 peracutuS,
1517 1693 1576 1748 et
1611 1692 1786 1749 audet
1823 1692 1879 1748 in
1919 1691 2033 1749 illis

601 1781 847 1851 Fingere
884 1779 1152 1838 fortunae
1190 1779 1348 1852 quod
1386 1780 1464 1837 sit
1502 1779 1695 1852 imago
1732 1779 1934 1838 malae.

529 1866 674 1926 Hine
711 1883 821 1940 ego
858 1871 1080 1926 moesta
1119 1881 1363 1941 sequor,
1391 1869 1585 1927 luctus
1613 1869 1935 1941 interprete
1964 1883 2167 1937 versu,

605 1953 860 2028 conjuge
897 1955 1038 2012 dum
1075 1971 1283 2025 eareo‚·
1318 1955 1783 2030 pignoribusque
1822 1957 1989 2014 meis.

532 2043 682 2112 Quid
719 2046 796 2102 sit
833 2058 1028 2101 amare
1065 2043 1224 2113 data,
1263 2046 1324 2102 et
1350 2043 1533 2117 raptis
1560 2043 1841 2102 adhibere
1870 2044 2168 2116 querelam

603 2133 845 2206 Semper
883 2131 1190 2198 inutiliter,
1230 2133 1448 2200 sentio,
1489 2147 1699 2201 nosco,
1738 2134 1889 2201 seio,

536 2222 802 2280 Carmine
841 2225 900 2279 et
937 2221 1234 2279 interdum
1273 2221 1474 2280 fateor.
1515 2223 1687 2292 ,iuvat
1724 2234 1853 2278 esse
1892 2219 2124 2293 poetam

600 2313 721 2368 Hoc
761 2325 906 2368 uno:
945 2325 1042 2368 res
1077 2312 1168 2368 est
1203 2325 1338 2368 nam
1375 2309 1654 2368 diuturna
1690 2309 1914 2378 dolor(
2010 2373 2015 2376 ,

531 2400 674 2457 Arte
710 2397 1070 2458 exercendae
1108 2399 1257 2458 vitae
1298 2399 1625 2473 meliorque
1664 2398 1975 2471 magister,

603 2492 788 2558 Quam
825 2490 902 2546 sit
939 2488 1185 2548 laetitiae
1225 2482 1364 2559 vox,
1409 2488 1725 2561 hilarisque
1764 2502 1961 2546 sonus.

1033 2631 1215 2691 OVES
1264 2633 1352 2687 ΕΤ
1393 2632 1613 2689 CAPRI.

531 2739 838 2796 luneanns
876 2737 1186 2809 laudantur
1223 2752 1383 2797 oves:
1422 2736 1496 2795 ab
1535 2736 1762 2809 origine
1802 2750 2065 2811 compos-

605 2825 827 2884 Barbae
863 2826 1241 2901 capripedum
1279 2825 1480 2885 sordet
1518 2826 1735 2899 ubique
1772 2840 1975 2897 genus.

533 2913 761 2973 Vellere
799 2914 974 2973 molle
1015 2928 1194 2987 pecus
1233 2915 1447 2989 placet,
1473 2915 1887 2988 hirsutumque
1916 2914 2169 2987 pilorum

606 3002 676 3061 vi
715 3001 910 3061 minus
949 3007 1008 3061 in
1047 3004 1238 3078 pretio
1274 3008 1392 3073 est,
1431 3018 1679 3075 namque
1717 3006 1988 3078 potenter
2026 3002 2156 3062 olet

537 3090 646 3149 Sed
675 3105 842 3167 nune
881 3091 966 3149 ire
1004 3106 1215 3168 capros
1253 3092 1386 3164 quis
1427 3093 1697 3152 erederet
1733 3095 1867 3151 ante
1897 3092 2168 3164 receptos

603 3178 769 3245 Molle
809 3182 1032 3253 pecus?
1068 3181 1303 3251 generis
1341 3194 1448 3238 nee
1485 3180 1683 3251 gravis
1721 3178 1913 3238 obstat
1952 3179 2114 3237 odor

1030 3322 1225 3380 FELIS
1262 3324 1352 3379 ΕΤ
1390 3320 1610 3379 cAle.

539 3429 736 3485 SAEPE
772 3427 874 3487 diu
912 3442 1145 3486 meeum
1185 3427 1446 3497 versavi,
1485 3426 1674 3499 gratia
1712 3441 1893 3500 quare

503 3528 524 3545 ·
607 3520 750 3575 Esse
789 3532 987 3576 eomes
1024 3516 1177 3587 feliS,
1216 3532 1324 3576 nee
1364 3516 1505 3575 velit
1540 3530 1671 3575 esse
1708 3514 1890 3574 oanis.

543 3605 777 3664 indiciis
813 3607 1041 3666 sincera
1080 3605 1226 3665 fides
1262 3620 1326 3665 se
1365 3604 1561 3680 prodit
1596 3606 1843 3681 apertiS‚

611 3694 912 3753 Blanditiis
950 3710 1058 3753 nee
1094 3698 1260 3766 eget,
1301 3698 1366 3753 ut
1404 3694 1675 3752 videatur
1710 3708 1926 3752 amans.

541 3785 688 3842 Sunt
721 3798 890 3841 amor
925 3788 1098 3857 atque
1138 3783 1282 3841 fides
1320 3783 1377 3840 in
1417 3782 1621 3841 eadem
1661 3782 1789 3840 luce
1828 3782 2029 3853 locati,

613 3872 776 3933 Alter
811 3875 870 3931 et
906 3872 1146 3930 alterius
1184 3872 1576 3946 prosperitate
1614 3872 1787 3943 viget.

541 3965 604 4021 In
644 3962 906 4021 tenebris
944 3963 1255 4020 exercetur
1292 3961 1789 4027 crudeliterillud
1882 4026 1889 4031 ‚

615 4050 878 4110 Muribus
908 4050 1301 4121 horrendum,
1343 4049 1847 4125 mortiferumque.
1865 4062 2066 4123 genus.
