2996 4935
2292 596 2356 637 IX

535 714 914 777 novitatum.
971 712 1134 776 Sunt
1165 708 1381 789 ,hodie
1441 674 1861 791 praefidentes
1914 698 2320 791 grammatici
2341 676 2377 783 ‚‚

533 834 640 919 q'ui
685 839 1021 921 conseptos
1067 832 1307 918 regulis
1348 832 1619 919 juvenes
1664 850 1705 895 a
1748 830 1935 897 laude
1974 832 2361 917 scriptorum

413 968 422 979 ·
531 960 858 1026 deterrere
903 959 1210 1037 audeant,
1245 978 1322 1023 ac
1373 957 1603 1035 velint3
1637 975 1869 1041 eosque
1914 956 1995 1023 ab
2022 958 2364 1043 elegantiis

531 1086 844 1151 sermonis
888 1084 1238 1151 distractos
1259 1136 1274 1161 ,
1323 1083 1655 1169 splendore
1702 1081 2169 1149 admirabilium
2214 1104 2364 1150 sen-

527 1212 878 1275 tentiarum
907 1213 1148 1292 cogant
1177 1208 1544 1283 allucinari,
1584 1206 1925 1291 diligentes
1957 1210 2161 1273 otium
2208 1226 2357 1273 cum

527 1336 904 1417 arrogantia
945 1332 1192 1418 judicii.
1247 1331 1439 1397 Nulla
1489 1330 1825 1416 capitalior
1885 1333 2083 1416 pestis
2134 1333 2361 1399 Italiae
2494 1404 2503 1412 ‚

527 1478 802 1542 unquam
847 1456 1105 1534 incidit3
1153 1457 1483 1521 extraneis
1515 1454 1633 1520 sibi
1678 1454 2154 1541 plaudentibus,
2186 1458 2355 1551 quod

526 1585 590 1647 vi
643 1583 1105 1667 sophismatum
1159 1582 1420 1665 ingenia
1463 1584 1689 1647 nostra
1740 1581 1805 1645 in
1853 1580 1973 1645 has
2020 1583 2357 1665 angustias

523 1706 894 1792 compellere
923 1708 1270 1791 potuerint.
1304 1706 1561 1771 Vanum
1590 1708 1694 1771 est
1726 1705 2033 1771 dimicare
2077 1724 2193 1790 pro
2226 1726 2357 1790 pa·-

523 1834 668 1895 triis
713 1830 992 1895 moribus
1038 1836 1108 1897 et
1153 1830 1412 1909 studiiS,
1445 1830 1553 1894 ubi
1597 1831 1879 1915 plerique
1908 1802 2163 1897 'civium
2210 1832 2355 1895 vin-

519 1959 662 2021 ctas
692 1955 1005 2031 dederunt
1036 1973 1280 2017 manus,
1309 1954 1492 2036 Apud
1525 1974 1640 2019 vos
1670 1954 2005 2039 disciplina
2037 1954 2348 2040 majorum

521 2079 732 2145 adhuc
763 2080 968 2163 viget,
1003 2078 1321 2161 dignoque
1361 2078 1424 2140 in
1472 2077 1715 2141 honore
1746 2084 1865 2142 est.
1901 2080 2075 2163 Ergo
2105 2082 2354 2163 pergite

505 2210 740 2271 tenere
787 2205 953 2268 viam
986 2202 1051 2266 in
1084 2220 1212 2285 qua
1259 2202 1444 2278 estiS,
1477 2200 1861 2266 erudiendae
1892 2222 1933 2267 a
1964 2204 2205 2267 teneris
2244 2202 2355 2287 ju-

519 2330 822 2395 ventutis,
858 2328 1016 2393 Cum
1049 2326 1346 2392 Cornelio
1390 2326 1633 2410 Nepote
1672 2325 1921 2411 diligite
1950 2326 2349 2404 Phoedrum,

519 2454 770 2537 diligite
811 2452 1184 2518 Ciceronem
1231 2450 1641 2536 ‹ie-Officii&
1676 2452 1811 2516 sine
1860 2472 1987 2535 quo
2032 2451 2355 2520 volumine

520 2577 730 2642 officia
759 2579 965 2662 perire
1014 2576 1314 2652 vidimuS‚
1364 2576 1677 2643 subeunte
1728 2577 2027 2644 doctrina
2070 2577 2349 2663 jurium,

515 2723 682 2786 quae
727 2704 973 2768 animos
1027 2723 1068 2766 a
1109 2701 1290 2786 justa
1340 2701 1639 2768 libertate
1686 2701 1997 2768 abductos
2040 2703 2355 2787 proclives

517 2827 672 2892 fecit
695 2825 774 2890 ad
799 2828 1144 2894 licentiam.
1172 2825 1547 2892 Imitabilia
1576 2828 1789 2910 potius
1820 2846 2011 2910 quam
2036 2827 2355 2894 admira-

517 2952 687 3018 bilia
731 2948 1140 3035 proponenda
1185 2954 1338 3014 sunt
1382 2951 1627 3034 pueriS,
1658 2953 1737 3016 ut
1781 2952 1951 3016 ratio
1991 2949 2350 3016 studiorum

517 3073 634 3141 fiat
661 3078 830 3141 ratio
859 3075 1066 3139 civilis
1089 3077 1281 3140 vitae.
1300 3053 1635 3165 'Exemplis
1656 3078 1825 3140 enim
1856 3073 1933 3139 fit
1963 3075 2091 3140 iter
2120 3073 2203 3140 ad
2232 3094 2349 3138 ex-

519 3171 907 3276 cellentiam,
955 3198 1137 3284 cujus
1185 3196 1225 3262 a
1255 3198 1604 3282 majoribus
1643 3198 2067 3264 hereditatem
2098 3218 2209 3282 spe
2238 3198 2353 3263 de-

516 3328 752 3390 vorant
781 3327 858 3402 ii,
889 3344 1158 3407 quorum
1189 3330 1292 3388 est
1322 3326 1386 3388 in
1419 3323 1665 3387 deliciis
1696 3322 2057 3392 admiratio.

617 3527 620 3530 ῃ
647 3447 1078 3522 Quintilianus
1131 3445 1529 3534 suffragatur
1559 3448 1854 3514 Ciceroni
1886 3449 2163 3525 oratori,
2196 3449 2351 3532 quia

513 3572 890 3657 profecisset
915 3573 1208 3656 exemplo
1237 3572 1479 3638 illustri
1516 3576 1584 3637 et
1630 3571 1915 3656 perfecto
1944 3571 2348 3655 eloquentiae

512 3698 578 3760 in
612 3695 1060 3760 Demosthene:
1109 3695 1277 3779 quod
1325 3695 1623 3778 Arpinati
1668 3695 1828 3760 adeo
1882 3698 2222 3773 successit,
2274 3703 2347 3761 ut

511 3819 934 3896 Plutarchus„
981 3819 1258 3902 prudens
1305 3818 1559 3901 quidem
1608 3819 1999 3885 et-eruditus
2038 3821 2343 3904 scriptor,

515 3964 658 4008 cum
724 3946 1002 4008 numeris
1065 3945 1511 4010 Demosthenis
1580 3945 1934 4010 Tullianam
2000 3945 2341 4010 dictionem
