<?xml version="1.0" encoding="UTF-8"?>
<!DOCTYPE html PUBLIC "-//W3C//DTD XHTML 1.0 Transitional//EN"
    "http://www.w3.org/TR/xhtml1/DTD/xhtml1-transitional.dtd">
<html xmlns="http://www.w3.org/1999/xhtml" xml:lang="en" lang="en">
 <head>
  <title>
</title>
<meta http-equiv="Content-Type" content="text/html;charset=utf-8" />
  <meta name='ocr-system' content='tesseract 3.04.00' />
  <meta name='ocr-capabilities' content='ocr_page ocr_carea ocr_par ocr_line ocrx_word'/>
</head>
<body>
  <div class='ocr_page' id='page_1' title='image "./alois00ferrgoog_0112.png"; bbox 0 0 2996 4935; ppageno 0'>
   <div class='ocr_carea' id='block_1_1' title="bbox 727 605 1865 661">
    <p class='ocr_par' dir='ltr' id='par_1_1' title="bbox 727 605 1865 661">
     <span class='ocr_line' id='line_1_1' title="bbox 727 605 1865 661; baseline 0.001 -2"><span class='ocrx_word' id='word_1_1' title='bbox 727 605 792 659; x_wconf 84' lang='lat'>16</span> <span class='ocrx_word' id='word_1_2' title='bbox 1389 618 1444 659; x_wconf 76' lang='lat' dir='ltr'>A.</span> <span class='ocrx_word' id='word_1_3' title='bbox 1481 618 1529 659; x_wconf 82' lang='lat' dir='ltr'>c.</span> <span class='ocrx_word' id='word_1_4' title='bbox 1560 614 1865 661; x_wconf 73' lang='lat' dir='ltr'>rnnnnoeu</span> 
     </span>
    </p>
   </div>
   <div class='ocr_carea' id='block_1_2' title="bbox 897 727 2268 1437">
    <p class='ocr_par' dir='ltr' id='par_1_2' title="bbox 897 727 2268 1437">
     <span class='ocr_line' id='line_1_2' title="bbox 985 727 2268 800; baseline 0 -15"><span class='ocrx_word' id='word_1_5' title='bbox 985 728 1186 799; x_wconf 82' lang='lat' dir='ltr'>Bioeps</span> <span class='ocrx_word' id='word_1_6' title='bbox 1209 728 1358 800; x_wconf 87' lang='lat' dir='ltr'>quod</span> <span class='ocrx_word' id='word_1_7' title='bbox 1383 729 1498 798; x_wconf 82' lang='lat' dir='ltr'>est,</span> <span class='ocrx_word' id='word_1_8' title='bbox 1526 728 1585 785; x_wconf 86' lang='lat' dir='ltr'>in</span> <span class='ocrx_word' id='word_1_9' title='bbox 1609 727 1837 785; x_wconf 83' lang='lat' dir='ltr'>unicum</span> <span class='ocrx_word' id='word_1_10' title='bbox 1860 744 2075 800; x_wconf 85' lang='lat' dir='ltr'>semper</span> <span class='ocrx_word' id='word_1_11' title='bbox 2100 730 2268 800; x_wconf 84' lang='lat' dir='ltr'>caput</span> 
     </span>
     <span class='ocr_line' id='line_1_3' title="bbox 897 812 2087 909; baseline 0 -17"><span class='ocrx_word' id='word_1_12' title='bbox 897 812 1201 909; x_wconf 42' lang='lat' dir='ltr'>&#39;conjurat3</span> <span class='ocrx_word' id='word_1_13' title='bbox 1228 835 1300 893; x_wconf 86' lang='lat' dir='ltr'>ad</span> <span class='ocrx_word' id='word_1_14' title='bbox 1325 833 1627 907; x_wconf 80' lang='lat' dir='ltr'>perniciem</span> <span class='ocrx_word' id='word_1_15' title='bbox 1652 850 1782 893; x_wconf 86' lang='lat' dir='ltr'>nam</span> <span class='ocrx_word' id='word_1_16' title='bbox 1808 836 1973 908; x_wconf 87' lang='lat' dir='ltr'>putat</span> <span class='ocrx_word' id='word_1_17' title='bbox 1996 835 2087 893; x_wconf 87' lang='lat' dir='ltr'>sui</span> 
     </span>
     <span class='ocr_line' id='line_1_4' title="bbox 905 941 2180 1025; baseline 0 -27"><span class='ocrx_word' id='word_1_18' title='bbox 905 941 1088 1012; x_wconf 87' lang='lat' dir='ltr'>Supra</span> <span class='ocrx_word' id='word_1_19' title='bbox 1111 958 1260 1000; x_wconf 64' lang='lat' dir='ltr'>ene:</span> <span class='ocrx_word' id='word_1_20' title='bbox 1286 958 1391 1001; x_wconf 83' lang='lat' dir='ltr'>neo</span> <span class='ocrx_word' id='word_1_21' title='bbox 1414 942 1726 1013; x_wconf 85' lang='lat' dir='ltr'>Tarquinio</span> <span class='ocrx_word' id='word_1_22' title='bbox 1754 942 1877 999; x_wconf 87' lang='lat' dir='ltr'>vult</span> <span class='ocrx_word' id='word_1_23' title='bbox 1898 958 2180 1025; x_wconf 74' lang='lat' dir='ltr'>papavera</span> 
     </span>
     <span class='ocr_line' id='line_1_5' title="bbox 911 1046 1979 1120; baseline -0.001 -15"><span class='ocrx_word' id='word_1_24' title='bbox 911 1046 1308 1120; x_wconf 82' lang='lat' dir='ltr'>Multiplieari‚</span> <span class='ocrx_word' id='word_1_25' title='bbox 1333 1063 1700 1120; x_wconf 78' lang='lat' dir='ltr'>praecurrens</span> <span class='ocrx_word' id='word_1_26' title='bbox 1726 1048 1979 1107; x_wconf 74' lang='lat' dir='ltr'>andacia.</span> 
     </span>
     <span class='ocr_line' id='line_1_6' title="bbox 909 1153 2075 1228; baseline 0.001 -18"><span class='ocrx_word' id='word_1_27' title='bbox 909 1153 1208 1225; x_wconf 86' lang='lat' dir='ltr'>Suppetiae</span> <span class='ocrx_word' id='word_1_28' title='bbox 1225 1154 1346 1228; x_wconf 83' lang='lat' dir='ltr'>jam</span> <span class='ocrx_word' id='word_1_29' title='bbox 1370 1168 1474 1213; x_wconf 83' lang='lat' dir='ltr'>neo</span> <span class='ocrx_word' id='word_1_30' title='bbox 1501 1154 1706 1211; x_wconf 83' lang='lat' dir='ltr'>desunt</span> <span class='ocrx_word' id='word_1_31' title='bbox 1729 1170 1798 1211; x_wconf 90' lang='lat' dir='ltr'>ex</span> <span class='ocrx_word' id='word_1_32' title='bbox 1820 1154 2075 1211; x_wconf 77' lang='lat' dir='ltr'>acumine</span> 
     </span>
     <span class='ocr_line' id='line_1_7' title="bbox 905 1258 2155 1333; baseline -0.002 -16"><span class='ocrx_word' id='word_1_33' title='bbox 905 1258 1154 1333; x_wconf 78' lang='lat' dir='ltr'>Caudae,</span> <span class='ocrx_word' id='word_1_34' title='bbox 1179 1259 1454 1319; x_wconf 77' lang='lat' dir='ltr'>vibrantis</span> <span class='ocrx_word' id='word_1_35' title='bbox 1477 1260 1628 1331; x_wconf 83' lang='lat' dir='ltr'>quod</span> <span class='ocrx_word' id='word_1_36' title='bbox 1654 1259 1936 1317; x_wconf 86' lang='lat' dir='ltr'>deterreat</span> <span class='ocrx_word' id='word_1_37' title='bbox 1958 1258 2155 1317; x_wconf 79' lang='lat' dir='ltr'>obvios</span> 
     </span>
     <span class='ocr_line' id='line_1_8' title="bbox 905 1364 2163 1437; baseline -0.001 -16"><span class='ocrx_word' id='word_1_38' title='bbox 905 1365 1138 1436; x_wconf 81' lang='lat' dir='ltr'>Frenis,</span> <span class='ocrx_word' id='word_1_39' title='bbox 1163 1382 1304 1437; x_wconf 80' lang='lat' dir='ltr'>quos</span> <span class='ocrx_word' id='word_1_40' title='bbox 1330 1380 1452 1429; x_wconf 86' lang='lat' dir='ltr'>sero</span> <span class='ocrx_word' id='word_1_41' title='bbox 1477 1364 1731 1437; x_wconf 86' lang='lat' dir='ltr'>poenitet</span> <span class='ocrx_word' id='word_1_42' title='bbox 1751 1364 2163 1425; x_wconf 74' lang='lat' dir='ltr'>conniventiae.</span> 
     </span>
    </p>
   </div>
   <div class='ocr_carea' id='block_1_3' title="bbox 1497 1508 1756 1517">
    <p class='ocr_par' dir='ltr' id='par_1_3' title="bbox 1497 1508 1756 1517">
     <span class='ocr_line' id='line_1_9' title="bbox 1497 1508 1756 1517; baseline 0 3418"><span class='ocrx_word' id='word_1_43' title='bbox 1497 1508 1756 1517; x_wconf 95' lang='lat' dir='ltr'> </span> 
     </span>
    </p>
   </div>
   <div class='ocr_carea' id='block_1_4' title="bbox 712 1628 2093 1687">
    <p class='ocr_par' dir='ltr' id='par_1_4' title="bbox 712 1628 2093 1687">
     <span class='ocr_line' id='line_1_10' title="bbox 712 1628 2093 1687; baseline 0 -2"><span class='ocrx_word' id='word_1_44' title='bbox 712 1630 942 1686; x_wconf 84' lang='lat' dir='ltr'><strong>xxme.</strong></span> <span class='ocrx_word' id='word_1_45' title='bbox 1145 1628 1583 1687; x_wconf 83' lang='lat' dir='ltr'><strong>SCHEDULAE</strong></span> <span class='ocrx_word' id='word_1_46' title='bbox 1624 1628 2093 1687; x_wconf 66' lang='lat' dir='ltr'>MONETALES.</span> 
     </span>
    </p>
   </div>
   <div class='ocr_carea' id='block_1_5' title="bbox 888 1789 2355 2802">
    <p class='ocr_par' dir='ltr' id='par_1_5' title="bbox 888 1789 2355 2802">
     <span class='ocr_line' id='line_1_11' title="bbox 953 1789 2355 1848; baseline 0 -3"><span class='ocrx_word' id='word_1_47' title='bbox 953 1790 1317 1847; x_wconf 70' lang='lat' dir='ltr'>Mounnmes</span> <span class='ocrx_word' id='word_1_48' title='bbox 1346 1789 1646 1846; x_wconf 84' lang='lat' dir='ltr'>obtrudere</span> <span class='ocrx_word' id='word_1_49' title='bbox 1674 1790 1804 1847; x_wconf 86' lang='lat' dir='ltr'>dum</span> <span class='ocrx_word' id='word_1_50' title='bbox 1830 1789 2131 1847; x_wconf 82' lang='lat' dir='ltr'>schedulas</span> <span class='ocrx_word' id='word_1_51' title='bbox 2156 1789 2355 1848; x_wconf 88' lang='lat' dir='ltr'>volunt</span> 
     </span>
     <span class='ocr_line' id='line_1_12' title="bbox 901 1893 1909 1967; baseline 0 -16"><span class='ocrx_word' id='word_1_52' title='bbox 901 1894 1260 1952; x_wconf 75' lang='lat' dir='ltr'>subrostrani</span> <span class='ocrx_word' id='word_1_53' title='bbox 1287 1894 1519 1952; x_wconf 87' lang='lat' dir='ltr'>minutis</span> <span class='ocrx_word' id='word_1_54' title='bbox 1544 1895 1603 1952; x_wconf 89' lang='lat' dir='ltr'>in</span> <span class='ocrx_word' id='word_1_55' title='bbox 1630 1893 1909 1967; x_wconf 74' lang='lat' dir='ltr'>negotiiS,</span> 
     </span>
     <span class='ocr_line' id='line_1_13' title="bbox 899 1999 2009 2073; baseline 0.003 -17"><span class='ocrx_word' id='word_1_56' title='bbox 899 1999 1170 2058; x_wconf 81' lang='lat' dir='ltr'>Interfuit</span> <span class='ocrx_word' id='word_1_57' title='bbox 1192 2001 1288 2073; x_wconf 85' lang='lat' dir='ltr'>qui</span> <span class='ocrx_word' id='word_1_58' title='bbox 1311 2006 1603 2073; x_wconf 78' lang='lat' dir='ltr'>suspectas</span> <span class='ocrx_word' id='word_1_59' title='bbox 1628 2002 1842 2061; x_wconf 85' lang='lat' dir='ltr'>diceret</span> <span class='ocrx_word' id='word_1_60' title='bbox 1866 2002 2009 2073; x_wconf 88' lang='lat' dir='ltr'>doli;</span> 
     </span>
     <span class='ocr_line' id='line_1_14' title="bbox 895 2104 1971 2167; baseline 0.003 -5"><span class='ocrx_word' id='word_1_61' title='bbox 895 2104 1070 2163; x_wconf 89' lang='lat' dir='ltr'>Simul</span> <span class='ocrx_word' id='word_1_62' title='bbox 1097 2107 1154 2163; x_wconf 91' lang='lat' dir='ltr'>et</span> <span class='ocrx_word' id='word_1_63' title='bbox 1175 2105 1358 2165; x_wconf 85' lang='lat' dir='ltr'>iratus</span> <span class='ocrx_word' id='word_1_64' title='bbox 1381 2106 1737 2167; x_wconf 88' lang='lat' dir='ltr'>inveheretur</span> <span class='ocrx_word' id='word_1_65' title='bbox 1762 2106 1823 2165; x_wconf 92' lang='lat' dir='ltr'>in</span> <span class='ocrx_word' id='word_1_66' title='bbox 1848 2124 1971 2165; x_wconf 85' lang='lat' dir='ltr'>eam</span> 
     </span>
     <span class='ocr_line' id='line_1_15' title="bbox 895 2211 2274 2286; baseline 0.001 -17"><span class='ocrx_word' id='word_1_67' title='bbox 895 2211 1363 2271; x_wconf 79' lang='lat' dir='ltr'>Consuetudinem</span> <span class='ocrx_word' id='word_1_68' title='bbox 1387 2213 1635 2271; x_wconf 88' lang='lat' dir='ltr'>habendi</span> <span class='ocrx_word' id='word_1_69' title='bbox 1662 2231 1763 2286; x_wconf 90' lang='lat' dir='ltr'>pro</span> <span class='ocrx_word' id='word_1_70' title='bbox 1789 2213 2027 2271; x_wconf 86' lang='lat' dir='ltr'>nummis</span> <span class='ocrx_word' id='word_1_71' title='bbox 2052 2214 2274 2271; x_wconf 86' lang='lat' dir='ltr'>mutuas</span> 
     </span>
     <span class='ocr_line' id='line_1_16' title="bbox 895 2316 2094 2391; baseline 0.001 -18"><span class='ocrx_word' id='word_1_72' title='bbox 895 2316 1132 2375; x_wconf 76' lang='lat' dir='ltr'>Chartae</span> <span class='ocrx_word' id='word_1_73' title='bbox 1157 2317 1428 2375; x_wconf 75' lang='lat' dir='ltr'>mirificae</span> <span class='ocrx_word' id='word_1_74' title='bbox 1453 2317 1586 2377; x_wconf 86' lang='lat' dir='ltr'>fidei</span> <span class='ocrx_word' id='word_1_75' title='bbox 1611 2335 1711 2391; x_wconf 88' lang='lat' dir='ltr'>per</span> <span class='ocrx_word' id='word_1_76' title='bbox 1735 2319 1941 2391; x_wconf 83' lang='lat' dir='ltr'>vulgus</span> <span class='ocrx_word' id='word_1_77' title='bbox 1966 2318 2094 2377; x_wconf 83' lang='lat' dir='ltr'>fori.</span> 
     </span>
     <span class='ocr_line' id='line_1_17' title="bbox 894 2423 1928 2483; baseline 0.002 -3"><span class='ocrx_word' id='word_1_78' title='bbox 894 2423 1089 2481; x_wconf 89' lang='lat' dir='ltr'>Astuti</span> <span class='ocrx_word' id='word_1_79' title='bbox 1113 2425 1469 2483; x_wconf 78' lang='lat' dir='ltr'>testabantur</span> <span class='ocrx_word' id='word_1_80' title='bbox 1495 2424 1556 2481; x_wconf 89' lang='lat' dir='ltr'>in</span> <span class='ocrx_word' id='word_1_81' title='bbox 1582 2426 1928 2483; x_wconf 83' lang='lat' dir='ltr'>eontrarium</span> 
     </span>
     <span class='ocr_line' id='line_1_18' title="bbox 890 2530 2129 2602; baseline 0.002 -16"><span class='ocrx_word' id='word_1_82' title='bbox 890 2530 1030 2588; x_wconf 86' lang='lat' dir='ltr'>Ausi</span> <span class='ocrx_word' id='word_1_83' title='bbox 1055 2545 1350 2602; x_wconf 86' lang='lat' dir='ltr'>reponere:</span> <span class='ocrx_word' id='word_1_84' title='bbox 1377 2563 1447 2572; x_wconf 92' lang='lat'>—</span> <span class='ocrx_word' id='word_1_85' title='bbox 1471 2531 1714 2591; x_wconf 80' lang='lat' dir='ltr'>curnam</span> <span class='ocrx_word' id='word_1_86' title='bbox 1739 2531 2129 2590; x_wconf 87' lang='lat' dir='ltr'>lamentamini</span> 
     </span>
     <span class='ocr_line' id='line_1_19' title="bbox 888 2637 2117 2711; baseline 0.002 -17"><span class='ocrx_word' id='word_1_87' title='bbox 888 2638 970 2694; x_wconf 91' lang='lat' dir='ltr'>De</span> <span class='ocrx_word' id='word_1_88' title='bbox 999 2653 1084 2707; x_wconf 89' lang='lat' dir='ltr'>re,</span> <span class='ocrx_word' id='word_1_89' title='bbox 1110 2652 1255 2709; x_wconf 89' lang='lat' dir='ltr'>quae</span> <span class='ocrx_word' id='word_1_90' title='bbox 1281 2637 1642 2711; x_wconf 88' lang='lat' dir='ltr'>providenter</span> <span class='ocrx_word' id='word_1_91' title='bbox 1670 2638 1857 2696; x_wconf 87' lang='lat' dir='ltr'>avaris</span> <span class='ocrx_word' id='word_1_92' title='bbox 1884 2639 2117 2697; x_wconf 86' lang='lat' dir='ltr'>auribus</span> 
     </span>
     <span class='ocr_line' id='line_1_20' title="bbox 888 2740 2039 2802; baseline 0.002 -4"><span class='ocrx_word' id='word_1_93' title='bbox 888 2741 1296 2801; x_wconf 86' lang='lat' dir='ltr'>Mensariorum</span> <span class='ocrx_word' id='word_1_94' title='bbox 1320 2740 1523 2799; x_wconf 87' lang='lat' dir='ltr'>minuit</span> <span class='ocrx_word' id='word_1_95' title='bbox 1549 2741 1845 2801; x_wconf 85' lang='lat' dir='ltr'>illecebras</span> <span class='ocrx_word' id='word_1_96' title='bbox 1872 2745 2039 2802; x_wconf 65' lang='lat' dir='ltr'>soni?</span> 
     </span>
    </p>
   </div>
   <div class='ocr_carea' id='block_1_6' title="bbox 1477 2905 1737 2912">
    <p class='ocr_par' dir='ltr' id='par_1_6' title="bbox 1477 2905 1737 2912">
     <span class='ocr_line' id='line_1_21' title="bbox 1477 2905 1737 2912; baseline 0 0"><span class='ocrx_word' id='word_1_97' title='bbox 1477 2905 1737 2912; x_wconf 95' lang='lat' dir='ltr'> </span> 
     </span>
    </p>
   </div>
   <div class='ocr_carea' id='block_1_7' title="bbox 693 3025 1955 3084">
    <p class='ocr_par' dir='ltr' id='par_1_7' title="bbox 693 3025 1955 3084">
     <span class='ocr_line' id='line_1_22' title="bbox 693 3025 1955 3084; baseline 0.004 -5"><span class='ocrx_word' id='word_1_98' title='bbox 693 3040 855 3081; x_wconf 84' lang='lat' dir='ltr'><strong>xxxv.</strong></span> <span class='ocrx_word' id='word_1_99' title='bbox 1256 3025 1539 3082; x_wconf 87' lang='lat' dir='ltr'><strong>PASSER</strong></span> <span class='ocrx_word' id='word_1_100' title='bbox 1579 3026 1673 3083; x_wconf 83' lang='lat' dir='ltr'>ET</span> <span class='ocrx_word' id='word_1_101' title='bbox 1710 3026 1955 3084; x_wconf 84' lang='lat' dir='ltr'>CANIS.</span> 
     </span>
    </p>
   </div>
   <div class='ocr_carea' id='block_1_8' title="bbox 837 3159 2313 3990">
    <p class='ocr_par' dir='ltr' id='par_1_8' title="bbox 837 3159 2313 3990">
     <span class='ocr_line' id='line_1_23' title="bbox 847 3159 2149 3241; baseline 0.002 -16"><span class='ocrx_word' id='word_1_102' title='bbox 847 3159 858 3188; x_wconf 73' lang='lat'>¹</span> <span class='ocrx_word' id='word_1_103' title='bbox 953 3167 1230 3226; x_wconf 68' lang='lat' dir='ltr'>Anna-Bu·</span> <span class='ocrx_word' id='word_1_104' title='bbox 1256 3185 1448 3241; x_wconf 87' lang='lat' dir='ltr'>passer</span> <span class='ocrx_word' id='word_1_105' title='bbox 1473 3170 1707 3228; x_wconf 86' lang='lat' dir='ltr'>summis</span> <span class='ocrx_word' id='word_1_106' title='bbox 1732 3171 1892 3229; x_wconf 85' lang='lat' dir='ltr'>edere</span> <span class='ocrx_word' id='word_1_107' title='bbox 1919 3170 2149 3229; x_wconf 82' lang='lat' dir='ltr'>nivibus</span> 
     </span>
     <span class='ocr_line' id='line_1_24' title="bbox 882 3274 1940 3349; baseline 0.003 -18"><span class='ocrx_word' id='word_1_108' title='bbox 882 3274 1138 3333; x_wconf 87' lang='lat' dir='ltr'>Humiles</span> <span class='ocrx_word' id='word_1_109' title='bbox 1163 3276 1388 3334; x_wconf 84' lang='lat' dir='ltr'>volatus</span> <span class='ocrx_word' id='word_1_110' title='bbox 1413 3277 1691 3336; x_wconf 84' lang='lat' dir='ltr'>desiderio</span> <span class='ocrx_word' id='word_1_111' title='bbox 1718 3278 1940 3349; x_wconf 83' lang='lat' dir='ltr'>pabuli,</span> 
     </span>
     <span class='ocr_line' id='line_1_25' title="bbox 880 3382 1964 3460; baseline 0 -20"><span class='ocrx_word' id='word_1_112' title='bbox 880 3382 1040 3460; x_wconf 82' lang='lat' dir='ltr'>Quod</span> <span class='ocrx_word' id='word_1_113' title='bbox 1064 3383 1384 3455; x_wconf 85' lang='lat' dir='ltr'>queritabat</span> <span class='ocrx_word' id='word_1_114' title='bbox 1407 3383 1600 3441; x_wconf 89' lang='lat' dir='ltr'>inutili</span> <span class='ocrx_word' id='word_1_115' title='bbox 1628 3383 1964 3442; x_wconf 82' lang='lat' dir='ltr'>constantia.</span> 
     </span>
     <span class='ocr_line' id='line_1_26' title="bbox 881 3488 1865 3562; baseline 0.001 -16"><span class='ocrx_word' id='word_1_116' title='bbox 881 3488 1052 3546; x_wconf 83' lang='lat' dir='ltr'>Canis</span> <span class='ocrx_word' id='word_1_117' title='bbox 1077 3490 1312 3548; x_wconf 89' lang='lat' dir='ltr'>odoratu</span> <span class='ocrx_word' id='word_1_118' title='bbox 1338 3490 1597 3562; x_wconf 84' lang='lat' dir='ltr'>persequi</span> <span class='ocrx_word' id='word_1_119' title='bbox 1622 3488 1865 3562; x_wconf 85' lang='lat' dir='ltr'>vestigia</span> 
     </span>
     <span class='ocr_line' id='line_1_27' title="bbox 837 3594 2004 3672; baseline 0.003 -21"><span class='ocrx_word' id='word_1_120' title='bbox 837 3663 846 3672; x_wconf 31' lang='lat'>⁵</span> <span class='ocrx_word' id='word_1_121' title='bbox 879 3595 1026 3652; x_wconf 90' lang='lat' dir='ltr'>Dum</span> <span class='ocrx_word' id='word_1_122' title='bbox 1049 3594 1234 3652; x_wconf 85' lang='lat' dir='ltr'>voluit</span> <span class='ocrx_word' id='word_1_123' title='bbox 1257 3594 1567 3652; x_wconf 80' lang='lat' dir='ltr'>exultantis</span> <span class='ocrx_word' id='word_1_124' title='bbox 1582 3637 1597 3665; x_wconf 92' lang='lat'>‚</span> <span class='ocrx_word' id='word_1_125' title='bbox 1621 3595 1806 3654; x_wconf 85' lang='lat' dir='ltr'>haesit</span> <span class='ocrx_word' id='word_1_126' title='bbox 1830 3594 2004 3654; x_wconf 85' lang='lat' dir='ltr'>altius</span> 
     </span>
     <span class='ocr_line' id='line_1_28' title="bbox 873 3701 1989 3773; baseline 0.003 -15"><span class='ocrx_word' id='word_1_127' title='bbox 873 3701 1003 3772; x_wconf 82' lang='lat' dir='ltr'>Ipse</span> <span class='ocrx_word' id='word_1_128' title='bbox 1028 3703 1328 3773; x_wconf 84' lang='lat' dir='ltr'>superatus</span> <span class='ocrx_word' id='word_1_129' title='bbox 1367 3701 1601 3762; x_wconf 88' lang='lat' dir='ltr'>tumulis</span> <span class='ocrx_word' id='word_1_130' title='bbox 1626 3719 1661 3760; x_wconf 87' lang='lat' dir='ltr'>a</span> <span class='ocrx_word' id='word_1_131' title='bbox 1684 3702 1989 3764; x_wconf 80' lang='lat' dir='ltr'>nivalibus,</span> 
     </span>
     <span class='ocr_line' id='line_1_29' title="bbox 949 3806 2313 3884; baseline 0.006 -20"><span class='ocrx_word' id='word_1_132' title='bbox 949 3806 1116 3865; x_wconf 85' lang='lat' dir='ltr'>Levis</span> <span class='ocrx_word' id='word_1_133' title='bbox 1138 3810 1428 3879; x_wconf 86' lang='lat' dir='ltr'>poetarum</span> <span class='ocrx_word' id='word_1_134' title='bbox 1455 3810 1545 3867; x_wconf 85' lang='lat' dir='ltr'>est</span> <span class='ocrx_word' id='word_1_135' title='bbox 1568 3809 1717 3873; x_wconf 89' lang='lat' dir='ltr'>ratio</span> <span class='ocrx_word' id='word_1_136' title='bbox 1731 3853 1747 3881; x_wconf 91' lang='lat'>,</span> <span class='ocrx_word' id='word_1_137' title='bbox 1774 3827 2069 3870; x_wconf 81' lang='lat' dir='ltr'>censorum</span> <span class='ocrx_word' id='word_1_138' title='bbox 2092 3812 2313 3884; x_wconf 82' lang='lat' dir='ltr'>gravis3</span> 
     </span>
     <span class='ocr_line' id='line_1_30' title="bbox 877 3911 2277 3990; baseline 0.002 -21"><span class='ocrx_word' id='word_1_139' title='bbox 877 3911 1162 3971; x_wconf 75' lang='lat' dir='ltr'>Feruntur</span> <span class='ocrx_word' id='word_1_140' title='bbox 1185 3917 1242 3972; x_wconf 91' lang='lat' dir='ltr'>et</span> <span class='ocrx_word' id='word_1_141' title='bbox 1263 3916 1326 3974; x_wconf 88' lang='lat' dir='ltr'>in</span> <span class='ocrx_word' id='word_1_142' title='bbox 1349 3916 1687 3990; x_wconf 82' lang='lat' dir='ltr'>profundum</span> <span class='ocrx_word' id='word_1_143' title='bbox 1712 3916 1809 3989; x_wconf 85' lang='lat' dir='ltr'>qui</span> <span class='ocrx_word' id='word_1_144' title='bbox 1834 3917 2065 3990; x_wconf 82' lang='lat' dir='ltr'>sapiunt</span> <span class='ocrx_word' id='word_1_145' title='bbox 2088 3917 2277 3976; x_wconf 80' lang='lat' dir='ltr'>nimie.</span> 
     </span>
    </p>
   </div>
   <div class='ocr_carea' id='block_1_9' title="bbox 1461 4077 1669 4085">
    <p class='ocr_par' dir='ltr' id='par_1_9' title="bbox 1461 4077 1669 4085">
     <span class='ocr_line' id='line_1_31' title="bbox 1461 4077 1669 4085; baseline 0 850"><span class='ocrx_word' id='word_1_146' title='bbox 1461 4077 1669 4085; x_wconf 95' lang='lat' dir='ltr'> </span> 
     </span>
    </p>
   </div>
  </div>
 </body>
</html>
