2996 4935
653 592 720 646 12
1294 609 1351 648 A.
1392 608 1440 648 ο.
1479 606 1801 648 mauseoli
1922 632 1929 637 -

847 714 1056 771 Misera
1083 730 1206 772 cum
1233 716 1401 773 caede
1429 716 1799 774 maximorum
1824 715 2029 814 civiufn
2047 756 2061 784 ,

843 821 1215 879 Horrentibus
1245 822 1386 894 ipsis
1409 820 1666 879 hostibus
1696 822 2094 894 spectaculum,

845 926 1120 986 Immissis
1147 944 1212 985 ac
1237 930 1288 985 si
1315 928 1487 1001 Troja
1514 926 1703 985 rueret
1726 928 1968 1001 ignibus.
2010 974 2017 979 .

843 1032 974 1091 Fuit
995 1034 1090 1105 qui
1115 1032 1358 1091 diceret:
1383 1064 1452 1077 -
1479 1034 1625 1093 Ecce
1650 1035 1837 1093 lumen
1864 1034 2113 1091 Gallicae

849 1138 1184 1198 Civilitatis!
1216 1172 1285 1183 —-
1308 1141 1545 1211 Discite,
1574 1140 1887 1210 temerarii,

851 1245 1102 1304 Laudare
1129 1262 1314 1305 coram
1339 1247 1545 1319 po'pulo
1570 1247 1722 1318 quod
1745 1247 2090 1305 liberrimum
2117 1248 2229 1316 est,

849 1353 1102 1425 Denique
1126 1369 1234 1424 quo
1261 1353 1478 1411 valeat!
1512 1354 1764 1425 Namque
1792 1354 2031 1411 infertur
2057 1354 2320 1422 Tartam,

849 1460 966 1515 Aut
989 1459 1285 1516 Tartarum
1310 1460 1468 1517 effert
1491 1460 1597 1517 sub
1622 1460 1737 1517 sole
1764 1458 2088 1541 vulgarium

849 1564 1156 1637 conjurata
1181 1565 1422 1623 societas
1447 1582 1639 1625 omnes
1663 1566 1935 1623 evertere

850 1670 1056 1740 Focos,
1081 1673 1138 1727 et
1166 1688 1318 1740 aras,
1345 1688 1547 1729 nomen
1566 1672 1750 1729 delere
1776 1674 1833 1728 et
1856 1672 1974 1727 Dei.

655 1934 811 1993 xva.
1189 1937 1478 1994 PASTOR
1517 1936 1612 1993 ΕΤ
1649 1936 1947 1995 VIA'I'OR.

850 2098 1080 2163 Aneous
1096 2097 1286 2156 =oculis
1305 2098 1645 2169 procedebat
1668 2097 1728 2154 in
1755 2098 1849 2155 via

852 2204 1058 2262 Pastor
1083 2204 1228 2276 apud
1258 2204 1484 2264 tardum
1510 2222 1576 2263 ac
1601 2204 1883 2277 trepidum
1906 2205 2128 2263 foetura
2155 2220 2414 2279 gregem,

852 2311 1143 2383 Agnornm
1170 2324 1306 2368 cura·
1328 2328 1496 2383 saepe
1526 2314 1753 2369 coactns
1776 2312 2003 2380 sistere,

849 2415 926 2474 Ut
951 2414 1193 2487 aliquem
1217 2416 1427 2474 lassum
1451 2416 1627 2474 ferret
1652 2416 1927 2487 humeris,
1954 2417 2055 2474 aut
2078 2417 2220 2475 sinu.

847 2520 982 2578 Fuit
1005 2519 1101 2592 qui
1127 2520 1366 2591 monuit,
1391 2493 1649 2579 utsoanes
1674 2521 2079 2593 praemitteret,

852 2625 943 2683 Ad
969 2626 1299 2683 avertendos
1325 2625 1380 2682 vi
1407 2625 1689 2698 sagaciae-
1706 2627 1889 2698 lupos.

853 2763 918 2775 —-
947 2731 1204 2792 Extimeo
1229 2733 1450 2805 vulpeS,
1479 2734 1649 2804 dixit,
1674 2751 1709 2792 a
1731 2736 1891 2808 tergo
1916 2736 2100 2808 magis

856 2840 1060 2898 Custos
1083 2839 1390 2899 sollicitus:
1415 2873 1486 2884 -
1510 2856 1684 2913 quare
1711 2842 1981 2914 respicio,
2004 2843 2127 2900 viae
2250 2887 2255 2892 .

856 2947 1014 3015 Quod
1040 2945 1176 3016 fnit,
1203 2947 1418 3004 astutas
1441 2948 1507 3005 ut
1537 2947 1843 3006 deterream
1868 2948 2083 3007 videns.

859 3052 1163 3125 Nunquam
1187 3052 1471 3126 malignus
1496 3053 1699 3126 vigiles
1728 3055 1965 3113 invadit.
1997 3056 2166 3114 Vale!
2204 3085 2275 3096 -

928 3157 1161 3232 Vigiliis
1187 3175 1352 3232 agere
1379 3159 1655 3218 sustinete
1680 3177 1779 3221 vos
1806 3160 1928 3234 diu,

860 3266 1105 3334 Quorum
1129 3266 1443 3324 esthabere
1469 3283 1637 3324 curae
1662 3283 1863 3339 pueros
1886 3267 2091 3324 litteris

859 3371 1228 3442 Formandos,
1253 3373 1312 3428 et
1333 3373 1605 3428 virtutum
1630 3371 1941 3444 implendos
1966 3372 2206 3442 semine3

861 3477 951 3535 Ne
976 3477 1106 3549 quis
1131 3476 1472 3550 contaminet
1493 3476 1616 3548 ipso
1640 3477 1701 3533 in
1726 3477 1974 3550 germine
2000 3476 2285 3536 subdolus.

1399 3595 1528 3601 ——.
1584 3594 1743 3601 --.—-

661 3629 853 3730 ‘xxva
1059 3699 1062 3706 -
1217 3673 1404 3733 AviA
1443 3673 1537 3730 ET
1573 3673 1943 3731 FAMULAE.

866 3797 1026 3853 Ani-n
1050 3799 1218 3869 pedes
1245 3799 1404 3858 aviae
1429 3797 1805 3858 cunctabatur
1830 3797 1889 3854 in
1912 3798 2025 3857 otio

869 3901 1035 3960 Colus
1073 3903 1143 3961 ad
1181 3905 1482 3976 quasillum
1521 3922 1644 3963 cnm
1678 3905 1822 3963 fusis
1861 3905 2205 3964 vacantibus.
