2996 4935
1247 623 1523 666 nancisei.
2235 605 2301 660 51

683 731 943 808 Ingeniis
968 731 1136 792 facile
1161 733 1406 800 ostendit
1434 733 1658 802 debere,
1680 731 1935 789 laborum

749 840 820 897 In
845 840 1159 910 cumulum,
1185 838 1358 898 aetati
1383 839 1521 911 quid
1548 838 1787 910 capitale
1816 815 1967 916 suae.

679 949 788 1016 Qui
814 963 942 1005 reus
967 944 1189 1004 afflatus
1213 946 1462 1018 suscepti
1487 945 1727 1004 caelitus
1747 945 1917 1004 infert

754 1053 992 1111 Nomine
1019 1069 1080 1110 se
1105 1052 1252 1110 vatis
1267 1094 1283 1122 ,
1308 1051 1537 1124 vultque
1564 1051 1785 1124 placere
1810 1051 1959 1121 foro,
2080 1091 2087 1098 -

681 1160 1043 1219 Prometheus
1073 1160 1267 1218 redeat
1293 1159 1645 1218 damnandus
1670 1158 1835 1218 corde
1858 1173 2084 1216 necesse
2114 1159 2199 1214 est

746 1267 1028 1326 Morsibus
1049 1267 1257 1326 obtrito
1271 1309 1286 1333 ‚
1311 1267 1412 1324 sed
1435 1266 1715 1324 revirente
1738 1264 1951 1324 statim.

677 1373 986 1431 Stultitiem
1009 1389 1208 1432 sanare
1234 1371 1343 1433 fide
1371 1388 1502 1430 nam
1530 1373 1797 1431 stultitiei

749 1479 1014 1537 Divinum
1041 1481 1150 1537 est:
1175 1480 1366 1551 plures
1394 1495 1496 1538 nec
1522 1477 1705 1551 liquet
1728 1495 1847 1537 esse
1873 1479 2034 1537 Deos

485 1727 652 1767 xm.
1018 1707 1191 1769 oms
1226 1678 1778 1769 PRAESTANTI‘A.

614 1855 690 1910 Os
712 1868 898 1912 nasum
923 1853 984 1912 in
1012 1855 1172 1915 vultu
1197 1854 1336 1926 quid
1360 1855 1543 1928 majus
1566 1852 1905 1913 habentibus
1945 1854 2116 1912 ictum
2150 1927 2157 1934 ι

684 1960 1040 2030 LuminibuS,
1067 1975 1178 2032 quo
1203 1977 1262 2018 se
1289 1961 1382 2020 sat
1407 1961 1681 2019 violenter
1707 1961 1903 2034 agunt.

615 2067 810 2125 Gratia
835 2067 1202 2126 circumstans
1227 2082 1357 2138 nam
1383 2066 1546 2124 labra
1571 2065 1822 2123 coralina
1840 2107 1854 2133 ,
1881 2064 2077 2123 dentes

684 2174 777 2232 Sic
795 2174 1006 2244 movet,
1032 2175 1098 2230 ut
1122 2171 1306 2231 verbis
1330 2171 1531 2244 lingua
1557 2171 1741 2228 soluta
1767 2171 1941 2228 sonet.

613 2279 902 2338 Judicium
925 2294 993 2337 ex
1017 2279 1192 2338 oculis
1217 2277 1429 2349 prodit,
1453 2275 1736 2334 sententia
1762 2275 1991 2348 linguae
2019 2278 2131 2346 est,

682 2387 804 2456 Qua
827 2385 1026 2444 misere
1051 2385 1316 2453 afficitur,
1344 2384 1433 2444 vel
1460 2384 1740 2442 recreatur
1764 2399 1979 2441 amans,

614 2495 690 2553 Os
717 2493 1016 2565 siquando
1041 2494 1215 2565 negat
1237 2493 1424 2550 tamen
1440 2534 1454 2562 ,
1481 2492 1845 2564 adsertorque
1870 2490 2100 2564 pudoris

683 2599 781 2658 Fit
810 2616 994 2657 coram
1021 2602 1225 2659 temere
1247 2599 1591 2659 sollicitante
1618 2598 1740 2658 viro
1756 2644 1769 2671 ‚

612 2705 842 2779 Cogitur
867 2706 964 2763 ille
989 2706 1107 2778 spei
1134 2708 1432 2765 contractis
1459 2707 1652 2765 cedere
1683 2707 1825 2764 velis
1842 2749 1856 2775 ‚

685 2814 860 2871 Irrita
880 2814 936 2871 et
959 2812 1152 2885 optati·
1169 2813 1300 2870 vota
1325 2812 1661 2869 referresui.

616 2920 824 2977 Durum
849 2920 936 2976 est
960 2918 1187 2977 infectis
1216 2918 1336 2976 alas
1361 2918 1655 2975 demittere
1685 2919 1874 2977 rebus:

685 3025 860 3083 Grata
884 3025 982 3083 sed
1006 3026 1093 3082 est
1120 3024 1289 3083 etiam
1317 3039 1449 3082 voce
1476 3022 1702 3094 repulsa
1728 3023 1878 3081 deae.

497 3258 691 3315 xxxxI.
1105 3254 1300 3313 ECHO
1343 3254 1436 3312 ΕΤ
1473 3252 1678 3312 APES.

615 3400 734 3459 Oua
756 3400 980 3473 fugiant
1004 3400 1158 3470 loca,
1183 3398 1436 3470 quaeris,
1463 3414 1599 3470 apes
1630 3412 1771 3470 quae
1798 3397 2067 3469 personat
2091 3376 2243 3455 Echo

691 3507 818 3567 Non
849 3505 1226 3578 explebilibus
1249 3522 1467 3577 semper
1491 3504 1681 3563 hiulca
1704 3503 1923 3562 modis?

621 3614 937 3673 Garrulitas
963 3615 1128 3674 rebus
1153 3612 1749 3685 quantumviscumque
1776 3608 1999 3683 pusillis

692 3721 907 3793 Officit,
931 3721 990 3777 et
1012 3719 1162 3777 vires
1186 3718 1432 3777 detrahit
1456 3718 1606 3775 inter
1630 3734 1787 3791 opus,

512 3803 517 3808 ’
617 3828 927 3886 Consilium
951 3826 1269 3885 accumulat
1292 3823 1571 3897 patientia
1596 3826 1779 3895 muta,
1804 3825 2064 3895 tenetque

691 3932 948 3991 Fundere
974 3933 1190 3990 utiliter
1213 3932 1364 4003 quod
1391 3931 1466 3989 sit
1489 3930 1563 3987 ab
1590 3932 1708 3989 arte
1734 3947 1983 3989 manens,
