2996 4935
279 648 350 707 64
948 660 1001 701 A.
1044 662 1094 703 c.
1136 659 1436 729 ranaucen

408 770 611 830 Omnia
632 784 786 829 nunc
810 784 984 845 vapor
1007 769 1258 833 afficiens
1283 770 1579 831 confundit
1595 773 1690 850 ‚et
1713 772 1857 829 idem

469 876 770 937 Insultans
793 877 1003 951 spatiis
1027 894 1186 951 spem
1208 877 1362 939 locat
1385 881 1521 937 ante
1544 880 1767 937 metum.
1872 928 1879 935 .

397 984 658 1056 Impetus
679 984 796 1055 est,
819 1000 930 1047 nee.
947 1000 1130 1057 amor,
1154 985 1412 1059 sequitur
1435 986 1534 1061 qui
1560 986 1752 1060 gesta3
1776 1000 2059 1058 novasque

470 1090 581 1148 Res
605 1106 826 1163 semper
847 1090 1158 1164 perimunt,
1187 1092 1587 1169 excipiuntque
1611 1108 1807 1155 novae.

396 1197 554 1255 Dura
573 1196 642 1257 fit
663 1196 916 1270 ingeniis
940 1197 1028 1257 sie
1051 1200 1402 1271 experientia
1426 1201 1580 1261 vitae
1597 1245 1612 1273 ‚

467 1304 584 1361 Aut
606 1303 796 1375 nulla,
819 1307 919 1364 aut
943 1306 1098 1365 certe
1121 1306 1416 1367 nobilitate
1442 1309 1617 1369 brevi.

396 1408 526 1467 Una
543 1410 633 1467 est
656 1409 880 1469 utilitas
903 1410 968 1469 in
990 1412 1204 1472 honore
1227 1414 1511 1488 parabilis
1542 1416 1665 1475 auri

469 1514 556 1572 Ex
584 1530 886 1575 usurarum
911 1517 1139 1577 turbine
1161 1521 1447 1594 perpetuo.

396 1621 590 1681 Fenus
614 1620 988 1707 inhumanum
1013 1628 1326 1699 praevertit
1343 1628 1508 1702 jura,
1530 1629 1834 1702 Deumque.

383 1724 387 1728 “
469 1726 720 1800 Usquam
742 1724 993 1803 unquam
1016 1732 1206 1805 potuit
1226 1735 1404 1806 pestis
1429 1751 1505 1793 an
1530 1751 1653 1795 esse
1682 1735 1881 1793 salus?

397 1830 796 1895 Debacehante
829 1837 948 1908 lue,
985 1839 1084 1909 qui
1117 1854 1232 1899 non
1267 1840 1444 1913 perit,
1471 1840 1570 1900 ille
1594 1840 1850 1898 lucratur

466 1939 634 1999 Intra
655 1941 812 2013 tecta
835 1942 1032 2003 domus
1053 1944 1272 2004 vivere:
1299 1946 1378 2017 (et
1403 1946 1494 2003 est
1520 1944 1784 2018 aliquid).

399 2045 520 2105 Nos
543 2047 744 2121 igitur,
765 2048 1020 2121 Galeate,
1045 2051 1220 2123 domi,
1247 2066 1354 2113 nos
1377 2034 1754 2111 velle'morari

465 2152 690 2213 Certum
717 2156 835 2214 est:
861 2156 1128 2215 excubias
1154 2157 1307 2216 intus
1329 2156 1484 2215 obire
1512 2171 1745 2225 eanum,
1782 2162 1820 2187 “

398 2260 704 2320 Adlatrare
727 2262 894 2321 malis
907 2304 925 2333 ‚
949 2264 1010 2321 et
1035 2264 1313 2321 deterrere
1338 2264 1593 2335 argaeos,

468 2366 733 2427 Sudando
761 2368 958 2441 partas
981 2384 1054 2427 ne
1077 2367 1420 2439 populentur
1445 2382 1597 2440 opes.
1618 2422 1622 2426 ,
1688 2354 1696 2359 ’

397 2474 614 2533 Cuncta
638 2487 814 2546 vapor
837 2473 1046 2545 rapiat,
1069 2473 1328 2532 deturbet
1347 2473 1408 2532 et
1435 2472 1631 2532 ordine
1664 2476 1855 2533 coetus

463 2578 753 2636 Urbanos:
777 2593 974 2660 sospes
997 2577 1096 2636 sed
1121 2577 1204 2633 sit
1225 2592 1411 2635 amore
1439 2576 1651 2636 demus.

394 2684 624 2757 Absque
649 2684 810 2743 domo
835 2681 1024 2756 patria
1047 2682 1140 2740 est
1161 2680 1332 2740 nidus
1355 2681 1715 2753 serpentibus
1740 2685 1907 2754 aptus

466 2789 712 2865 Agmine
735 2787 1060 2862 multiplici,
1080 2785 1396 2861 ealliditate
1419 2785 1563 2859 part

565 3077 670 3154 Χῖ
707 3091 880 3166 ΚΑΒ.
921 3089 1156 3148 MART.
1197 3089 1267 3146 A.
1297 3069 1825 3146 iffic—cci'i‘ffi

282 3219 400 3291 qui
423 3217 565 3278 dies
591 3223 684 3278 est
709 3213 1217 3276 anniversarius
1236 3211 1330 3286 ‚ab
1355 3210 1535 3268 obitu
1560 3209 1821 3270 Pmmrm
1842 3201 2077 3286 patris.

387 3430 524 3488 Care
547 3431 724 3502 pater,
749 3428 894 3488 mihi
917 3427 1070 3500 qnod
1093 3424 1323 3486 memori
1345 3425 1426 3484 sit
1449 3439 1623 3484 causa
1646 3423 1857 3485 doloris

454 3533 641 3595 Haece
667 3534 754 3595 die
778 3534 1002 3594 rediens
1025 3531 1268 3608 quilibet
1289 3546 1475 3592 annus
1500 3529 1687 3591 habet.

383 3641 467 3724 Tu
491 3655 659 3700 censu
685 3639 844 3700 tenui
871 3640 1115 3711 voluisti,
1137 3640 1196 3698 et
1219 3638 1385 3698 rebus
1410 3637 1471 3696 iu
1497 3639 1671 3698 arctis
1686 3683 1701 3710 ,

460 3747 592 3805 Plus
615 3747 783 3806 etiam
808 3747 990 3820 pietas
1014 3762 1184 3819 quam
1208 3746 1373 3818 ferat,
1400 3762 1522 3805 esse
1547 3762 1775 3818 parens.

379 3851 637 3926 Namque
663 3853 802 3912 mihi
828 3856 886 3913 et
909 3853 1075 3914 fratri
1103 3853 1346 3928 largitus
1370 3853 1673 3915 maximum
1698 3874 1757 3917 es
1782 3857 1941 3934 illud,

450 3959 685 4019 Cultura
707 3961 928 4033 ingenii
951 3962 1260 4050 quedfdare
1284 3963 1465 4035 possit
1489 3980 1657 4024 amor.
