2996 4935
711 640 815 683 vm

707 761 862 824 visci
911 765 1043 825 tam
1090 759 1274 825 facile
1305 766 1474 828 esset
1520 782 1708 847 quam
1742 762 2085 829 recordari.
2136 763 2395 830 Utinam
2439 765 2537 831 fas

705 884 876 951 foret
923 885 1115 951 aliter
1145 886 1222 951 de
1263 890 1478 952 aetate
1526 888 1648 952 hac
1698 892 1921 955 nostra
1952 893 2269 966 statuere,
2320 892 2389 955 et
2426 889 2538 975 ju·
2643 942 2655 958 .

703 1010 944 1076 dicare!
989 1010 1110 1077 Sed
1142 1010 1442 1097 ablegata
1491 1013 1897 1081 humanitate
1946 1012 2336 1091 studiorum,
2382 1014 2534 1097 quid
2568 1016 2573 1021 ’
2648 1002 2653 1009 ’

703 1139 910 1201 restat
932 1135 1124 1215 aliud,
1159 1138 1279 1203 nisi
1303 1139 1667 1223 proximum
1691 1140 1895 1203 totius
1920 1138 2347 1205 humanitatis
2370 1158 2533 1204 nau-

700 1260 1024 1346 fragium?
1069 1262 1356 1346 Namque
1407 1263 1810 1329 humanitate
1858 1260 2204 1329 doctrinae,
2241 1278 2531 1348 compre-

696 1387 1068 1454 henduntur
1111 1388 1282 1453 ratio
1319 1388 1486 1472 juris
1533 1408 1575 1453 a
1618 1393 1854 1455 natura
1899 1387 2215 1473 profecta,
2271 1388 2529 1455 habitus
2614 1366 2617 1369 ⁴

688 1512 1010 1598 justitiae,
1055 1510 1342 1577 lenitudo
1380 1530 1663 1589 morum,
1694 1512 2029 1578 urbanitas
2072 1514 2274 1590 vitae,
2308 1514 2529 1577 suavi-

694 1644 796 1701 tas
827 1634 1732 1709 consuetudinis,·communio
1764 1636 2119 1701 officiorum
2151 1638 2325 1701 inter
2354 1639 2526 1701 cives

693 1766 761 1825 et
790 1756 1101 1837 advenaS,
1133 1763 1360 1845 specie
1369 1759 1657 1827 dissimili
1690 1732 2103 1825 institutione
2128 1736 2285 1844 paff

823 1887 959 1951 Vos
988 1886 1210 1969 igitur,
1241 1885 1535 1993 consules
1566 1905 1695 1950 non
1726 1888 1915 1949 unius
1939 1887 2089 1951 anni
2119 1905 2236 1970 pro
2260 1905 2522 1951 munere

689 2011 1053 2096 dignitatiS‚
1087 2009 1196 2075 sed
1230 2012 1402 2075 cives
1432 2030 1551 2094 pro
1582 2012 1869 2076 caritate
1898 2008 2307 2095 Reipublicae
2336 1981 2521 2095 (quo-

688 2140 1084 2231 tiescumque
1113 2155 1272 2220 opus
1282 2135 1496 2218 ferat)
1522 2134 1601 2199 ad
1632 2137 1897 2220 egregia
1928 2154 2213 2219 quaeque
2244 2136 2521 2219 paratis-

685 2262 859 2337 simi,
892 2265 1296 2346 praecavete,
1333 2280 1413 2325 ne
1445 2262 1773 2345 singulare
1821 2258 2189 2325 beneficium
2222 2280 2307 2325 ex
2334 2278 2519 2325 mora

683 2388 747 2449 in
779 2404 996 2449 rerum
1045 2386 1325 2450 omnium
1359 2389 1540 2450 motu
1572 2387 1911 2451 avertatur
1940 2404 1980 2449 a
2012 2384 2191 2449 vobis
2222 2384 2515 2470 cupidine

682 2669 863 2718 sentire
893 2667 942 2716 la
971 2666 1221 2730 giustezza
1240 2681 1267 2715 e
1299 2667 1349 2716 la
1371 2665 1681 2718 delicatezza.
1704 2667 1745 2715 E
1780 2667 1975 2730 quando
2008 2681 2213 2732 passava
2232 2667 2296 2716 ad
2328 2667 2508 2716 Orazio

680 2747 834 2798 molto
863 2747 949 2814 piu
976 2746 1174 2796 difficile
1205 2746 1256 2799 di
1277 2746 1534 2808 Corne110‚
1565 2747 1612 2796 le
1634 2761 1722 2796 sue
1742 2748 2043 2811 spiegazioni
2072 2761 2273 2813 sempre
2304 2748 2507 2800 instrut-

681 2829 780 2877 tive
803 2841 830 2876 e
849 2829 967 2888 flue,
989 2842 1140 2876 erano
1162 2827 1370 2891 qualche
1391 2827 1527 2877 volta
1546 2841 1613 2877 un
1635 2843 1756 2892 poco
1777 2827 1975 2892 lunghe.

772 2927 799 2954 α
822 2909 1117 2960 Terminata
1137 2907 1186 2957 la
1206 2909 1455 2969 rottei-ica,
1477 2923 1575 2957 non
1608 2909 1817 2972 bisogna
1847 2904 2032 2959 ancora
2062 2923 2263 2974 passure
2283 2909 2383 2959 allo
2400 2917 2505 2960 stu-

679 3008 704 3035 «
722 2991 804 3040 dio
820 2989 948 3039 delle
971 2988 1342 3047 matematiche;
1375 2989 1583 3053 bisogna
1603 2988 1917 3052 riepilogare,
1940 3005 1967 3038 e
1988 2991 2275 3054 sviluppare
2286 2989 2357 3054 gli
2374 2991 2505 3042 studi

676 3089 703 3116 α
726 3071 803 3120 del
836 3085 1001 3134 grece,
1031 3084 1059 3118 e
1090 3068 1170 3118 del
1201 3067 1352 3118 latino
1383 3083 1474 3118 con
1506 3084 1572 3118 un
1603 3066 1744 3119 cot‘so
1764 3070 1815 3118 di
1848 3070 2067 3138 filosofia',
2088 3070 2169 3120 nel
2200 3071 2347 3134 quale
2365 3070 2504 3120 s'in-
2566 3095 2579 3114 x

675 3168 703 3196 «
723 3151 899 3202 sistera
931 3149 1365 3215 particolarmente
1393 3147 1523 3200 sulla
1554 3149 1759 3199 morale.
1780 3150 1879 3199 Voi
1900 3150 1949 3199 vi
1983 3151 2180 3214 lagnate
2200 3151 2293 3200 che
2312 3152 2357 3200 ci
2380 3165 2501 3200 sono

674 3249 700 3276 «
723 3231 869 3297 pochi
902 3231 1017 3280 libri
1052 3229 1342 3280 elementari
1375 3230 1441 3278 da
1471 3231 1693 3280 mettersi
1733 3231 1782 3279 in
1814 3245 1965 3279 mano
1995 3231 2095 3279 alla
2124 3231 2381 3294 gioventu:
2414 3247 2500 3280 ma

673 3331 698 3357 «
714 3312 986 3361 sembi-ami
1007 3313 1117 3360 anzi
1139 3310 1230 3360 che
1251 3311 1294 3358 ci
1327 3310 1404 3359 sia
1434 3305 1533 3360 uisa
1554 3312 1773 3374 quantita
1794 3309 1845 3358 di
1868 3309 2117 3360 eccellenti
2139 3310 2253 3360 libri
2287 3325 2378 3374 per
2406 3327 2496 3364 suo

672 3411 699 3436 «ι
723 3409 825 3443 usO.
867 3393 978 3443 Non
1009 3398 1149 3442 avete
1180 3390 1217 3440 il
1248 3397 1450 3442 trattato
1481 3391 1533 3438 di
1567 3391 1805 3458 Cicerone
1836 3390 1901 3437 de
1936 3389 2167 3452 Officiis,
2204 3403 2233 3439 e
2264 3405 2449 3440 ancora
2480 3394 2495 3441 i
2544 3450 2551 3458 ⁶

674 3491 700 3516 «
724 3473 915 3522 trattati
947 3471 999 3521 di
1032 3470 1254 3520 Seneca?
1277 3503 2035 3519 .................
2044 3499 2051 3506 ·
2070 3503 2495 3522 ..........

674 3583 2493 3601 nnnnnnnnnnnnnnnnnnnnnnnnnnnnnnnnnnnnnnnn

761 3649 788 3675 κ
809 3630 1014 3688 Quando
1045 3630 1080 3679 l’
1097 3645 1248 3680 uomo
1278 3637 1306 3678 e
1335 3637 1438 3678 cosi
1471 3629 1702 3689 formato,
1722 3628 1881 3678 allora
1901 3627 2196 3693 applicatelo
2215 3629 2312 3679 alle
2334 3639 2493 3680 mate—

559 3687 566 3692 ·
667 3710 897 3760 matiche.
914 3710 975 3758 Ei
1007 3710 1055 3759 le
1075 3710 1297 3760 studiera
1316 3709 1445 3758 assai
1479 3715 1661 3772 presto,
1684 3721 1711 3756 e
1726 3703 1779 3758 se
1811 3723 1871 3756 ne
1902 3708 2093 3758 servii-a
2124 3723 2265 3759 come
2286 3710 2493 3774 bisogna

667 3789 944 3839 servir-sene
974 3785 1028 3836 in'
1054 3803 1154 3838 uno
1174 3789 1350 3852 spirito
1381 3788 1636 3848 fllosoflco,
1658 3805 1686 3837 e
1708 3803 1796 3852 per
1818 3788 1868 3838 la
1897 3789 1982 3853 piu
2012 3788 2202 3852 grande
2222 3789 2383 3840 utilita
2397 3789 2491 3838 de—

666 3869 733 3932 gli
765 3868 976 3917 uomini.

754 3949 867 3998 Cosl
903 3948 1004 3997 fece
1035 3957 1253 4012 appunto
1285 3949 1534 4013 Giuseppe
1564 3949 1801 3998 Fourier:
1824 3961 1851 3996 e
1873 3955 2017 4013 potra
2036 3948 2271 3998 rilevarlo
2292 3961 2487 4011 ognuno

610 4047 616 4052 ·
664 4031 753 4080 che
783 4028 948 4091 Voglia
981 4027 1175 4092 leggere
1211 4028 1256 4076 la
1287 4043 1375 4077 sua
1407 4029 1649 4077 laboriosa
1682 4028 1743 4076 ed
1774 4029 2122 4078 oneratissima
2153 4028 2266 4078 vita.
