2996 4935
1239 645 1518 691 unsetAcr.
2072 671 2076 678 -
2220 631 2288 688 45

591 759 874 818 Detractis
897 758 1173 831 phaleris,
1198 758 1642 831 amplectebatur
1666 759 1901 818 eundem
1914 801 1929 828 ,

661 867 739 924 Ut
762 866 940 924 frater
959 865 1206 924 fratrem.
1233 864 1484 924 Credidit
1509 865 1679 924 hocce
1704 865 1901 923 videns
1916 909 1929 935 ,

585 973 700 1041 Qui
729 973 876 1030 vidit
899 970 1112 1030 domini
1139 972 1210 1029 ad
1237 973 1436 1032 nutum
1461 987 1523 1029 se
1548 972 1693 1030 ferre
1717 971 2012 1044 metipsum

659 1082 982 1136 Arrectum:
1008 1079 1105 1136 sed
1128 1093 1252 1136 mox
1279 1077 1568 1135 anteriora
1591 1077 1793 1149 pedum

588 1186 681 1243 Sic
707 1184 1010 1257 improvise
1039 1183 1364 1250 demittere,
1395 1184 1478 1242 sic
1506 1185 1564 1240 et
1587 1183 1781 1242 acerbe
1801 1227 1815 1252 ,

656 1292 808 1350 Imos
834 1293 901 1348 ut
925 1291 1138 1364 digitos
1163 1290 1412 1350 laederet
1435 1290 1558 1364 ejus
1584 1290 1721 1348 heri.

587 1399 800 1472 Magna
825 1398 1056 1469 querela
1079 1397 1218 1456 fuit:
1247 1398 1563 1471 lacrymosa
1589 1397 1901 1472 doleresed
1928 1413 2065 1455 uxor
2080 1439 2095 1466 ,

655 1505 816 1574 Quod
841 1504 1124 1564 decurtari
1151 1503 1240 1562 vir
1261 1505 1403 1577 pede
1428 1503 1613 1576 possit
1638 1504 1824 1562 adhuc
1839 1546 1854 1573 ,

585 1613 844 1671 'Fundere
871 1612 928 1669 et
950 1612 1084 1670 hinc
1108 1612 1352 1684 asinum3
1376 1613 1521 1670 male
1546 1612 1674 1685 post
1699 1612 1991 1680 alimenta,
2018 1611 2219 1669 locatis

655 1719 732 1777 Et
757 1719 824 1776 de
851 1717 1153 1778 blanditiis
1179 1718 1505 1778 insimulare
1530 1719 1731 1778 virum.
1756 1749 1826 1764 ·-·

585 1828 798 1896 Discat,
825 1825 1060 1886 delicias
1082 1825 1142 1883 in
1169 1826 1329 1900 vulgi
1354 1843 1561 1900 ponere
1584 1843 1771 1888 amore

650 1933 757 2002 Qui
782 1931 938 1990 solet.
969 1934 1019 1988 A
1043 1919 1251 1990 stolido
1277 1933 1468 2004 gratia
1493 1949 1712 2005 semper
1737 1934 1913 1991 abest.

465 2200 668 2260 mur.
990 2159 994 2163 ’
1149 2196 1573 2255 nom-Lm.
1638 2273 1645 2278 ,

579 2358 1067 2418 Onnum-diversa
1091 2360 1174 2417 sic
1197 2357 1384 2418 indole
1409 2373 1611 2417 nomen
1638 2359 1698 2415 in
1723 2353 1892 2416 unum

651 2466 1004 2525 Conveniunt
1028 2465 1248 2525 animae
1275 2465 1529 2538 Doridis,
1558 2467 1724 2539 atque
1752 2466 1912 2526 leae?

581 2574 842 2632 Matrona
867 2575 955 2631 est
984 2571 1179 2644 Doris,
1206 2573 1297 2632 cui
1326 2574 1619 2633 deberetur
1646 2573 1754 2633 Eoi

650 2680 858 2739 Thuris
883 2680 1021 2739 odor
1046 2681 1272 2740 fumans
1288 2724 1303 2751 ‚
1329 2684 1386 2740 et
1416 2682 1725 2756 Cybelaeus
1748 2682 1942 2740 honor.

581 2787 725 2845 Nam
750 2786 1029 2860 gravitate
1055 2802 1160 2845 sua
1185 2789 1538 2859 praetendit,
1563 2804 1749 2847 amore
1772 2789 2033 2860 metuque

654 2894 810 2963 Quod
837 2892 949 2951 dici
972 2892 1154 2964 possit
1177 2894 1363 2951 cultus
1391 2893 1448 2950 in
1475 2910 1567 2953 ore
1595 2894 1759 2951 Deae.

583 3000 688 3059 Est
709 3000 800 3059 lea
816 2999 1018 3073 juncta
1039 2999 1180 3055 mari
1207 3014 1513 3071 generosae
1538 2999 1765 3072 stirpis,
1788 2999 2025 3058 habenis

653 3105 923 3175 Subdita,
947 3104 1284 3163 Caelicolum
1310 3119 1454 3177 quas
1476 3104 1629 3176 regit
1653 3105 1803 3165 alma
1828 3106 2054 3163 Parens.

584 3211 678 3271 Sic
702 3211 923 3270 Dorilea
949 3227 1145 3285 procos
1168 3210 1440 3269 mirantes
1467 3211 1785 3283 comprimit
1808 3226 2029 3280 omnes;

654 3318 1068 3391 Illecebrasque
1096 3334 1324 3388 cavens,
1351 3316 1757 3391 gloriolamque
1780 3317 1959 3377 levem

583 3427 938 3485 Praestantis
961 3426 1198 3495 formae,
1224 3426 1525 3485 manifesta
1548 3426 1753 3499 pudore
1781 3441 2049 3500 genarum

655 3533 871 3605 Arguit
893 3534 1126 3593 insanas
1149 3534 1446 3593 futilitatis
1473 3550 1645 3591 anus:

587 3640 840 3713 Namque
864 3641 1086 3713 placere
1113 3642 1372 3711 student,
1395 3644 1454 3699 et
1475 3641 1607 3699 fuco
1633 3641 1847 3711 fallere,
1874 3641 2097 3699 tantum
2124 3644 2187 3716 ut

655 3746 740 3804 Sit
765 3747 879 3817 vir,
903 3765 1013 3819 quo
1043 3747 1266 3805 dicant:
1295 3778 1359 3789 —
1389 3764 1474 3804 me
1502 3750 1687 3805 tamen
1714 3748 1863 3805 ullus
1891 3748 2056 3806 amat.
2086 3778 2153 3789 --
