2996 4935
1203 623 1571 667 FABULABUM.

672 734 960 795 Formicas
986 734 1250 795 devorare
1276 732 1434 791 vivas
1457 748 1629 793 ausus
1652 734 1765 803 est,

667 842 806 901 Post
831 839 1172 913 depopulata
1188 840 1352 899 tecta.
1391 838 1501 899 Sed
1526 854 1716 897 earum
1741 838 1991 910 phalanx

672 949 910 1023 Ingesta
933 946 1220 1007 stomacho
1247 946 1458 1007 vomitu
1482 944 1569 1005 sic
1594 945 1844 1005 exercuit

672 1055 915 1126 Murem,
940 1054 1007 1111 ut
1030 1054 1240 1113 rediret
1267 1068 1486 1125 sospes,
1514 1069 1579 1111 eo
1606 1053 1905 1112 demortuo.
1933 1082 2004 1094 -

670 1162 870 1219 Exitus
896 1161 990 1219 hic
1015 1163 1102 1219 est
1124 1159 1446 1233 plerumque
1471 1159 1649 1219 omnis
1673 1158 2011 1233 tyrannidis.

477 1430 666 1486 xme.
889 1427 1145 1485 VAPOR
1184 1426 1280 1485 ET
1317 1426 1882 1484 TELEGRAPHUS.
1986 1436 1993 1443 ·

475 3674 599 3716 XXV.

675 1587 797 1645 Duo
825 1587 890 1644 de
917 1586 1222 1659 terrigenis
1247 1585 1611 1645 contulerunt
1640 1584 1899 1654 brachia,

668 1693 936 1751 Machina
958 1695 1250 1764 terrarum,
1276 1708 1442 1765 quam
1465 1693 1673 1753 natura
1694 1693 1937 1753 sustinet

671 1800 849 1872 Aquis
877 1800 1447 1873 circumsistentibus,
1473 1801 1539 1858 ut
1561 1801 1851 1858 induceret

665 1906 754 1963 Ad
781 1907 980 1963 nutum
1006 1922 1193 1964 eorum
1219 1907 1458 1978 speciem
1488 1907 1735 1965 sortibus
1761 1922 1987 1974 novam,

665 2012 869 2070 Omnes
895 2012 1159 2084 gigantes
1183 2012 1434 2070 homines
1457 2014 1517 2069 et
1540 2013 1740 2071 fierent
1764 2016 1937 2069 statu.

662 2117 928 2177 Machina
951 2132 1254 2190 progressu
1279 2118 1507 2190 rapida,
1530 2118 1889 2189 permeabilis

663 2224 1010 2295 Ubicumque
1035 2222 1146 2301 filis
1167 2222 1228 2281 in
1258 2222 1454 2281 seriem
1481 2222 1811 2292 metallicis,

665 2330 885 2387 Onusta
908 2329 996 2387 tot
1017 2328 1353 2401 gigantibus
1373 2371 1388 2399 ,
1411 2328 1583 2387 avelli
1606 2328 1784 2403 polis,

663 2436 738 2494 Et
757 2450 932 2508 supra
959 2434 1142 2494 Solem
1168 2434 1398 2494 tendere
1428 2434 1611 2496 voluit
1638 2435 1901 2496 insolens.

664 2541 886 2615 Jupiter
909 2543 1116 2601 accivit
1139 2542 1418 2614 aquilam,
1439 2559 1584 2616 quae
1608 2543 1825 2604 fulmen
1850 2544 2043 2614 daret,

659 2649 746 2706 Ea
768 2664 872 2707 nec
895 2649 1116 2708 invenit
1149 2649 1487 2723 dissipatum
1514 2650 1752 2710 audacia

661 2755 1042 2828 Terrigenfim.
1071 2756 1230 2814 Tunc
1257 2756 1494 2828 petrolei
1522 2756 1590 2814 de
1618 2757 1889 2816 bitumine
1906 2800 1922 2826 ,

657 2861 786 2931 Sui,
811 2877 1054 2933 suaeque
1078 2877 1182 2933 par
1218 2861 1539 2934 majestatis
1563 2863 1737 2922 Pater

659 2968 907 3040 Liquida
927 2968 1198 3027 excitavit
1220 2968 1278 3026 vi
1303 2968 1649 3028 flammarum
1672 2968 1963 3039 incendia;

659 3074 874 3134 Ardere
899 3074 1270 3148 supplantata
1302 3076 1367 3132 ut
1391 3074 1568 3146 stirps
1594 3074 1912 3148 gigantium

663 3180 919 3238 Disceret
941 3179 1311 3238 inenarrabili
1336 3180 1659 3252 spectaculo

663 3285 1057 3357 Mortalitatis,
1092 3285 1334 3359 plurima
1355 3285 1417 3344 in
1441 3301 1627 3344 rerum
1651 3285 1843 3344 ordine

664 3393 834 3452 Posse
859 3393 1116 3452 renovari
1131 3435 1148 3466 ,
1171 3408 1284 3452 non
1309 3393 1571 3452 naturam
1598 3393 1705 3450 sub
1728 3392 1861 3451 DeO.
1938 3399 1947 3410 ·

871 3658 1201 3760 nUTETIA
1238 3657 1434 3718 ANNI
1471 3649 1883 3720 MDcchxx.

668 3822 950 3878 Annnm'r
975 3839 1042 3878 ex
1067 3819 1346 3880 incendiis
1367 3819 1595 3878 Lutetia

665 3927 1010 3986 Parisiorum
1035 3927 1382 3986 immanitate
1417 3926 1687 3998 barbara,

2237 593 2353 661 11'
