2996 4935
1015 597 1390 650 umanum
1425 599 1612 644 unna
1647 601 1755 644 111.

587 691 659 748 Et
695 687 1070 771 insimulabat
1107 688 1304 766 iniqua
1341 689 1414 747 de
1453 691 1762 750 sententia.

586 781 674 836 Ex
710 778 821 838 hoe
857 769 1170 837 sumebant
1205 777 1469 838 animum
1506 779 1732 838 similes
1769 779 1871 854 qui
1908 780 2027 852 sui,

587 869 884 929 Lavernae
921 864 1034 926 sub
1074 865 1254 926 tutela
1296 866 1517 932 vellent
1552 868 1775 928 vivere.

659 957 946 1016 Peccatur
984 953 1154 1016 hodie
1191 957 1400 1016 eontra
1437 956 1891 1026 conscientiam,

594 1046 926 1119 Contraque
964 1044 1123 1117 leges
1159 1044 1470 1106 destitutas
1510 1044 1769 1116 vindice,

594 1133 830 1194 Pudore
869 1133 1056 1205 nullo,
1094 1136 1156 1192 et
1191 1133 1362 1195 laude
1397 1136 1831 1197 contumaciae.

594 1224 838 1282 ¹iuridici
877 1227 1203 1285 conventus
1241 1225 1378 1298 quia
1415 1225 1595 1286 nosse
1630 1225 1847 1299 singuli

597 1314 833 1386 Singula
871 1328 990 1382 non
1029 1316 1303 1388 possunt*
1345 1315 1679 1388 patrocinio
1716 1314 1949 1377 sistitur

597 1405 752 1462 Reus
789 1402 1209 1474 absolvendu8‚
1249 1403 1713 1476 suffragantibus
1748 1404 1993 1464 arbitris
2070 1455 2077 1462 .

598 1493 703 1552 Vel
743 1493 1070 1568 imperitia,
1111 1493 1200 1555 vel
1237 1493 1665 1554 misericordia.
1940 1527 1947 1534 -

600 1582 882 1642 Perfrieta
921 1582 1112 1642 fronte
1151 1583 1410 1660 impunis
1447 1583 1543 1642 ille
1584 1583 1953 1658 perambulat

600 1673 851 1744 Forum,
889 1675 950 1732 et
987 1673 1292 1736 tabernas:
1332 1671 1507 1734 turba
1546 1673 1629 1732 nil
1666 1677 1837 1735 cavet
1864 1674 2063 1747 nefas3

601 1763 773 1822 Putat
808 1765 870 1822 et
905 1763 1112 1834 licere,
1153 1761 1278 1823 lieri
1319 1763 1527 1838 culpae
1564 1765 1869 1834 conscioS,

603 1851 935 1912 Dummodo
971 1867 1087 1912 non
1125 1855 1392 1922 constet,
1429 1867 1631 1922 seeum
1670 1853 1939 1914 adductis
1975 1852 2243 1914 testibus.

1437 1997 1575 2006 -ιᾴ

469 2084 648 2128 mm.
1015 2081 1322 2142 senrnms
1373 2083 1464 2142 ΕΤ
1512 2083 1800 2142 νυιΡΕε.
1906 2037 1911 2042 ’

604 2212 956 2271 Pnunnuus
991 2189 1254 2283 gaudens
1293 2211 1529 2268 nomine
1569 2221 1817 2284 serpens
1854 2210 2099 2268 venerat

609 2296 697 2357 Ad
734 2299 910 2357 offam
949 2303 1125 2357 cantu
1163 2301 1421 2371 magico:
1459 2297 1667 2374 vulpes
1706 2297 1905 2356 intulit

609 2387 680 2447 Se
717 2386 998 2458 mediam,
1037 2387 1338 2446 obducens
1378 2385 1615 2446 natibus
1653 2390 1714 2445 et
1750 2386 1937 2445 cauda
1973 2385 2205 2455 eibum,

611 2478 1045 2553 Proposuitque
1081 2477 1366 2553 lapidem,
1407 2492 1529 2553 quo
1565 2476 1758 2537 laesus
1796 2476 2073 2549 dentibus

613 2568 868 2642 Serpens
905 2568 1046 2629 dum
1085 2568 1373 2643 queritur,
1416 2568 1622 2641 vulpes
1660 2567 1910 2627 obversa
1950 2566 2139 2643 capite

615 2658 801 2717 offam
841 2658 1161 2733 subripuit,
1201 2658 1312 2717 sibi
1354 2658 1661 2732 prospexit
1698 2659 1759 2716 et
1794 2657 1949 2731 ruga.

690 2748 884 2807 Astuti
921 2746 1008 2807 sic
1045 2747 1343 2807 inculcant
1379 2760 1442 2806 se
1483 2746 1891 2823 prudentibus.

480 2993 674 3040 xmu-
741 2948 748 2959 ⁸
933 2998 940 3004 ·
1023 2992 1211 3053 caux
1259 2996 1348 3053 m·
1399 2996 1791 3055 nnAcoNEs.

621 3125 978 3181 lammens
1015 3119 1338 3181 draconum
1381 3121 1553 3181 urbis
1590 3136 1699 3197 per
1734 3120 1981 3192 angulos

624 3208 918 3284 cujusque
955 3210 1164 3283 positis
1201 3222 1306 3267 ore
1343 3208 1703 3268 formidabili

623 3305 672 3360 A
710 3298 984 3359 foeditate
1019 3298 1324 3357 deterrere
1361 3297 1692 3371 quemlibet

622 3391 868 3449 Veteres
904 3386 1194 3458 solebant,
1232 3387 1333 3461 qui
1375 3389 1613 3461 pararet
1638 3386 1935 3459 mingere.

625 3482 791 3539 Nune
829 3482 986 3539 Crux
1023 3476 1218 3537 offlcio
1255 3474 1574 3553 deputatur
1611 3475 1779 3545 huic,
1818 3474 1965 3533 locis

630 3566 920 3639 Dmnibus
955 3580 1281 3629 occurrens
1319 3581 1503 3642 prava
1540 3564 1989 3627 consuetudine.
2020 3584 2029 3591 ·

699 3657 794 3716 Sic
829 3660 1208 3717 exsecratum
1247 3657 1491 3715 minime
1528 3656 1731 3717 diflert
1766 3668 1800 3713 a
1836 3666 2041 3725 sacrm

628 3750 712 3805 Eo
751 3747 1044 3821 processit
1077 3750 1139 3805 et
1173 3760 1411 3805 morum
1447 3743 1792 3813 δοῦναι-εἰσ,
1828 3786 1833 3793 .

629 3840 956 3911 Utrumque
993 3838 1062 3895 ut
1095 3851 1216 3894 uno
1252 3833 1693 3894 confundantur
1726 3833 1991 3893 nomine:

633 3927 742 3987 Sed
779 3927 992 3988 lotium
1029 3925 1258 4002 profani
1299 3940 1418 3985 non
1455 3923 1655 3984 valent
1688 3937 1884 3983 snum-

1215 4107 1333 4115 ---.-

2244 593 2307 644 68
