2996 4935
967 630 1336 675 Fanutlmtm
1373 630 1555 673 1⁴18ssss
1593 631 1633 672 X
1646 662 1655 673 .
2178 622 2237 669 21

527 722 794 798 Bombyx
827 722 1208 793 sodartifex,
1245 723 1304 781 e't
1335 722 1619 781 materies
1657 723 1781 793 sui,

527 816 716 887 Opere
755 813 984 872 sericeo
1014 810 1087 870 nt
1123 810 1419 884 captivus,
1455 809 1713 885 denique

529 900 988 964 Resuscitandus
1025 900 1131 960 alis
1163 898 1761 977 praetrepidantibus.

597 992 745 1051 Sunt
782 990 1097 1063 ingeniosi,
1136 991 1277 1048 sunt
1312 992 1371 1049 et
1409 989 1571 1048 omni
1616 988 1903 1050 industria

528 1081 635 1151 Qui
672 1080 888 1140 faciant
924 1078 1134 1141 studiis
1173 1078 1508 1138 litterarum
1548 1079 1823 1153 gnaviter

527 1168 828 1229 vacando:
869 1172 1062 1227 tamen
1102 1165 1364 1238 excellit,
1403 1167 1475 1226 de
1516 1182 1675 1243 penu
1713 1180 1823 1227 suo
1868 1188 1871 1191 ⁴

527 1258 637 1329 Qui
673 1256 774 1317 dat
811 1257 968 1331 quod
1003 1256 1220 1316 habeat
1257 1255 1607 1317 indumemo
1644 1257 1979 1318 caminum

527 1345 826 1419 Sepultus,
851 1346 984 1406 ,ales
1019 1348 1086 1405 ut
1121 1348 1472 1421 prorumpat
1511 1361 1767 1409 carcere.

389 1580 635 1623 xxxxvm.
956 1576 1186 1665 ,ξρυυε
1221 1579 1311 1639 ET
1349 1578 1682 1642 cumcun.

527 1705 779 1763 Somrzs
815 1702 1094 1776 acceptus
1129 1699 1373 1760 domino
1401 1714 1593 1776 supra
1630 1704 1859 1765 eeteros

528 1790 828 1853 cuniculis
864 1789 1129 1861 dolebat,
1167 1788 1298 1849 fieri
1335 1790 1569 1866 copiam

527 1880 841 1941 Libertatis
877 1879 1036 1955 apud
1071 1893 1136 1940 se
1173 1880 1482 1941 detentum
1522 1881 1796 1943 vinculis.

528 1968 860 2030 plaudendo
893 1968 1110 2041 palmis
1149 1971 1354 2041 peetus
1384 1971 1450 2027 et
1484 1969 1705 2029 oollam
1738 1973 1927 2043 ter-e&

530 2056 894 2118 Adulabatur
924 2056 1212 2115 dominus
1253 2056 1552 2115 interdum
1590 2058 1753 2129 fero,
1968 2110 1975 2115 .

531 2146 864 2207 Procerum
889 2146 951 2204 et
985 2143 1261 2219 exemplo
1297 2144 1399 2203 vix
1437 2144 1735 2220 placabat,
1770 2149 1967 2221 regiae
2054 2212 2058 2217 ,

534 2232 752 2305 Adfixi,
792 2232 986 2293 nobile
1025 2233 1128 2307 qui
1163 2233 1476 2293 servilium
1513 2236 1807 2308 sentiunt,

535 2323 801 2383 Pei-ferre
830 2321 952 2397 jam
992 2337 1100 2381 nec
1135 2325 1437 2394 moerent,
1475 2324 1583 2384 sed
1618 2326 1989 2401 superbiunt.

533 2416 734 2487 Equus
753 2412 826 2474 ad
843 2412 986 2472 liaeo
1005 2442 1078 2454 —-
1091 2412 1331 2474 Faciant
1349 2412 1579 2476 ratione
1606 2413 1767 2489 quod
1786 2414 1903 2477 hoe
1923 2418 2170 2493 praediti
2186 2463 2202 2493 ,

530 2503 712 2563 Miror
747 2502 1160 2575 vehementem
1186 2517 1305 2562 nee
1335 2517 1453 2576 ego
1491 2504 1729 2564 invideo
1764 2506 2087 2581 splendidis

532 2595 752 2652 Eorum
789 2591 1118 2667 ephippiis,
1157 2592 1406 2654 rationis
1442 2595 1681 2654 nescius

534 2683 917 2755 Resigna-rem
953 2682 1057 2756 qui
1089 2696 1226 2742 mea
1258 2681 1436 2743 bullis
1474 2684 1730 2758 insignia

534 2773 679 2831 Prae
717 2769 1007 2836 libertatis
1043 2785 1294 2832 munere
1333 2772 1766 2834 inaestimabili.
1794 2807 1865 2818 --

603 2860 739 2919 Ideo
776 2859 1018 2920 libertas
1053 2859 1299 2932 dieitur,
1336 2867 1396 2922 et
1431 2867 1526 2924 est
1563 2877 1756 2924 aurea.

400 3061 662 3152 xxxxvnu-
1095 3113 1533 3174 AETERNITAs.
1624 3083 1627 3088 ’

539 3237 605 3293 ΙΝ
643 3231 852 3292 umbra
893 3234 1260 3309 platanorum
1299 3235 1535 3296 choreis
1573 3237 1801 3296 nobiles

425 3393 430 3400 .
536 3321 764 3382 Puellae
801 3320 1232 3382 exercebantur
1264 3337 1298 3384 a
1333 3324 1581 3384 meridie

540 3414 682 3469 Cum
719 3411 843 3470 risu
880 3413 940 3470 et
977 3407 1513 3487 strepitujuvenes
1553 3414 1709 3474 inter
1745 3416 2016 3476 rusticos.

539 3499 873 3560 moerebant
911 3503 1088 3576 pinus
1120 3504 1546 3578 eteupressus
1584 3505 1659 3564 ab
1699 3504 1865 3566 edito

544 3589 745 3646 'restes
781 3590 1004 3665 tripudi
1040 3622 1112 3634 -—
1145 3595 1270 3652 Nos
1299 3596 1541 3654 tuemur
1576 3595 1891 3668 imaginem

544 3677 910 3737 AEternitatis
949 3677 1089 3754 (sibi
1128 3679 1404 3740 dicebant
1441 3683 1760 3756 invicem:

543 3764 680 3826 Ideo
715 3767 986 3827 vitamur.
1023 3769 1206 3828 Nemo
1243 3773 1400 3829 seria
1433 3771 1626 3845 diligit

543 3854 792 3914 Florens
827 3858 1048 3929 aetale3
1083 3859 1563 3919 circumventum
1594 3859 1768 3920 seriis

543 3944 776 4005 Dabunt
811 3945 914 4006 sed
953 3947 1090 4006 anni
1126 3947 1420 4021 breviter,
1457 3952 1519 4010 et
1556 3964 1733 4012 curae
1770 3967 2013 4026 graveS,

547 4036 742 4095 Donec
781 4035 1040 4096 caducus
1076 4053 1109 4098 a
1148 4036 1448 4101 laboribus
1485 4039 1613 4100 suis

548 4123 667 4183 Sub
706 4125 916 4186 umbra
948 4129 1153 4188 nostra
1195 4129 1356 4202 pacis
1395 4131 1657 4191 inveniat
1680 4132 1905 4192 locum.
1945 4156 2050 4174 -ν
