2996 4935
703 620 772 676 28
1363 635 1416 676 Α.
1455 635 1507 676 c.
1546 632 1848 678 rnnauccn

701 814 783 856 nx.
1053 796 1235 868 Nox,
1273 797 1718 872 mmmmm,
1758 799 1849 858 ET
1906 799 2171 857 Ponoss.

889 953 1058 1029 Nox‚‘
1072 959 1129 1015 et
1151 959 1439 1018 silentium
1463 958 1721 1018 adimunt
1742 961 2096 1026 erubescam

891 1064 1026 1124 Fere
1049 1067 1306 1138 patratur
1334 1070 1391 1125 et
1413 1066 1474 1123 in
1500 1069 1699 1128 umbra
1720 1068 1869 1138 quod
1890 1067 2075 1125 evenit

891 1171 1278 1232 Libidinosum
1301 1173 1501 1246 furtis,
1528 1176 1627 1232 ant
1648 1191 1838 1248 rapax.
1864 1175 2079 1232 cavent

887 1278 1128 1337 Frustra
1149 1279 1366 1352 vigiliis
1389 1279 1828 1344 homines,·dum
1854 1281 2042 1353 legum
2070 1280 2253 1337 metus

893 1383 1255 1446 Facinorosos
1279 1386 1519 1458 deserit,
1542 1389 1601 1446 et
1622 1387 1772 1446 cives
1797 1387 2039 1459 occupat

891 1491 1095 1550 Rerum
1118 1507 1344 1552 securos
1367 1493 1524 1553 intra
1546 1493 1793 1566 parietes
1820 1493 2017 1552 domus
2032 1537 2045 1564 ,

895 1601 1012 1656 Arx
1036 1600 1125 1657 est
1147 1616 1290 1672 quae
1313 1601 1467 1672 tuta,
1495 1573 1726 1659 canihus
1746 1601 1845 1658 sed
1870 1599 2217 1660 latrantibus
2233 1641 2247 1667 ‚

891 1704 1188 1764 Commune
1219 1707 1274 1765 et
1303 1707 1683 1766 avertentibus
1707 1707 2033 1780 periculum.

891 1811 1085 1870 Latret
1109 1813 1203 1871 ubi
1226 1812 1319 1870 lex
1344 1828 1455 1870 non
1481 1813 1751 1872 exaudita
1766 1855 1782 1884 ‚
1806 1813 1873 1870 fit
1894 1813 2057 1870 malis

896 1917 1088 1976 Omnis
1111 1918 1356 1977 facultas
1379 1919 1683 1984 invadendi
1710 1919 1941 1992 singula

867 2097 872 2104 .
896 2025 1208 2085 Offensione
1227 2026 1467 2100 jnrium,
1493 2028 1552 2085 et
1572 2027 1925 2086 innocentiae

897 2132 1112 2191 Damno
1135 2148 1248 2192 non
1271 2132 1641 2204 aestimabili,
1666 2133 1779 2192 nisi
1802 2133 1932 2206 post
1954 2133 2151 2192 scelus.

968 2239 1062 2299 Sic
1085 2240 1363 2312 impunita·
1385 2240 1621 2299 crimina
1646 2240 1946 2300 destruunt
1968 2239 2134 2298 fidem

895 2345 1191 2406 Humanae
1215 2346 1537 2406 societatis:
1562 2347 1623 2404 et
1646 2345 1741 2404 Sol
1756 2343 2017 2418 pallidus
2114 2357 2123 2365 ·

898 2449 1189 2510 Nocturna
1211 2451 1440 2522 pudoris
1465 2451 1667 2509 funera
1688 2450 1896 2522 retegit
1920 2449 2023 2509 die.

705 2714 822 2771 LxI.
1227 2711 1517 2771 THALES
1532 2755 1546 2782 ,
1584 2711 1677 2770 ET
1712 2712 1979 2773 MATER.

899 2876 1104 2934 Mnus,
1129 2876 1382 2936 Thaletis
1396 2920 1412 2949 ‚
1434 2876 1534 2949 qui
1558 2875 1668 2935 fuit
1691 2875 1947 2935 Milesius

897 2984 1091 3043 Patria
1114 2983 1506 3057 philosophae,
1532 3000 1670 3057 puer
1692 2999 1919 3042 uxorem
1943 2986 2007 3042 ut
2033 2984 2262 3054 duceret

899 3090 1126 3162 Adhuc,
1149 3090 1496 3150 stimulabat.
1524 3124 1593 3135 -
1616 3091 1687 3149 Id
1712 3092 1823 3151 cito
1847 3091 2088 3151 facerem
2114 3090 2300 3150 nimis.
2328 3120 2394 3133 —

898 3198 1002 3256 Ait
1021 3198 1118 3257 ille
1144 3200 1297 3257 tunc.
1323 3197 1579 3256 Eundem
1608 3200 1792 3257 aetate
1812 3197 1933 3271 jam
1959 3198 2137 3255 virum

900 3304 1182 3377 negabat,
1207 3318 1278 3363 no
1304 3287 1553 3363 differret
1578 3320 1692 3360 rem
1720 3302 1950 3360 diutius.

898 3409 1104 3468 Thales
1129 3410 1442 3480 respondit:
1464 3440 1533 3451 -—-
1551 3408 1789 3465 facerem
1814 3421 1965 3465 nunc
1988 3420 2114 3464 sero
2140 3406 2325 3464 nimis.
2352 3438 2419 3448 -

970 3514 1304 3573 Desidet-ata
1325 3513 1513 3573 caruit
1536 3512 1622 3570 sic
1650 3526 1796 3570 nuru
1820 3526 2025 3585 parens
2046 3532 2062 3583 3

899 3623 1132 3681 Caelebs
1153 3621 1388 3681 muliere
1415 3620 1563 3678 vixit
1584 3620 1649 3679 et
1666 3600 1921 3679 Milesius

901 3727 970 3783 ln
997 3744 1268 3787 summum
1294 3728 1541 3799 senium,
1565 3727 1605 3785 J
1606 3724 1797 3785 onicae
1822 3704 2087 3800 princeps
2116 3727 2341 3787 scholae
2359 3768 2373 3796 ,

899 3835 1088 3893 Donec
1110 3834 1422 3909 suspiciens
1450 3836 1633 3902 astra,
1662 3833 1887 3905 puteum
1912 3833 2243 3893 incurreret.
