2996 4935
677 604 745 660 54
1343 619 1393 659 Α.
1434 622 1480 662 c.
1523 616 1817 661 rsasuccn

797 729 1038 800 Tempus
1075 728 1373 786 adulantes
1409 728 1519 786 sibi
1556 742 1821 800 praesens
1860 727 2072 798 evehit,
2108 729 2312 787 absens

863 834 1111 903 Deserit,
1147 834 1314 907 inque
1351 838 1489 894 sono
1527 834 1681 893 vocis
1720 834 1872 893 abire
1904 836 2088 908 Jubet.

794 940 944 1014 Ergo
979 940 1143 999 breve
1180 941 1268 999 est
1302 940 1549 1000 stadium
1586 939 1858 1000 celebrati
1893 941 2137 1000 nominis
2172 942 2321 999 inter

861 1045 1188 1106 Phoebaeos
1225 1046 1509 1117 stimulos,
1548 1046 1904 1119 invidiaeque
1941 1064 2140 1107 moras.

792 1151 897 1212 Ille
935 1152 1046 1211 sibi
1082 1152 1283 1212 melius
1319 1154 1632 1226 prospexit,
1670 1153 1909 1227 diligere
1948 1168 2153 1218 ausus,

862 1259 903 1318 J
904 1259 1158 1318 ustitiam
1193 1260 1292 1332 qui
1329 1274 1390 1317 se
1429 1258 1588 1317 sistit
1622 1258 1683 1317 in
1720 1276 1811 1319 ore
1847 1258 1981 1329 Dei,

681 1440 686 1446 ⁵
790 1366 992 1425 Omnia
1027 1366 1120 1426 cui
1154 1366 1400 1426 referens
1439 1344 1703 1439 accepta,
1741 1366 2032 1426 recumbat
2068 1367 2127 1425 in
2163 1382 2279 1425 una

862 1472 999 1547 EJ’us
1037 1489 1136 1545 spe
1172 1468 1369 1544 sortis,
1405 1488 1549 1544 quae
1587 1472 1709 1532 sine
1746 1471 1856 1531 fine
1893 1472 2039 1531 beat.

670 1703 926 1762 xxxxv11.
1099 1702 1479 1773 PRUDENS,
1525 1702 1620 1759 ET
1656 1702 2061 1761 HONESOEUS.

791 1846 905 1905 Vm
941 1845 1186 1917 prudens
1222 1860 1411 1903 omnes
1447 1858 1711 1903 numeros
1748 1861 1784 1901 a
1820 1844 2065 1903 scientia

856 1950 1080 2009 Habere
1119 1950 1437 2020 videbatui-3
1475 1950 1575 2008 sed
1612 1950 1884 2009 honestus
1920 1951 2069 2009 nihil

861 2056 971 2115 Res
1006 2058 1065 2115 in
1103 2073 1163 2116 se
1201 2056 1524 2116 conferebat
1558 2056 1729 2115 utiles
1768 2058 1882 2115 sibi

859 2166 969 2223 Per
1003 2164 1090 2224 fas
1125 2164 1419 2237 nefasque,
1455 2164 1619 2222 nulla
1653 2165 2012 2224 conscientia.

863 2270 1018 2331 Echo
1055 2272 1145 2330 est
1179 2271 1411 2330 interior
1446 2272 1616 2343 haec,
1654 2287 1797 2343 quae
1834 2271 1987 2330 muta
2017 2272 2266 2346 judicat,

861 2378 936 2435 Et
967 2394 1158 2437 morsu
1191 2378 1441 2450 loquitur
1477 2378 1806 2436 admonente
1842 2378 2099 2437 fideliter.

861 2483 1048 2542 Malus
1083 2485 1456 2555 obsurdescit,
1493 2485 1593 2542 dat
1628 2501 1687 2542 se
1726 2482 1961 2543 docilem
2000 2485 2089 2542 vir
2123 2486 2318 2544 bonne.

863 2589 1033 2648 Multi
1068 2605 1167 2662 per
1204 2590 1396 2648 coetus
1431 2591 1567 2646 sunt
1603 2590 1815 2662 gradus
1852 2590 2155 2660 scientiae3

864 2695 1026 2755 Nulli
1064 2699 1198 2754 sunt
1232 2697 1331 2756 sed
1367 2696 1683 2754 honestatis
1720 2697 1780 2754 in
1816 2696 1936 2754 vita
1971 2697 2197 2770 gradus.

865 2803 1230 2863 Honestatem
1263 2804 1362 2876 qui
1401 2803 1665 2876 despicit,
1704 2804 1801 2862 ille
1840 2807 1929 2862 est
1964 2804 2254 2877 pessimae.

671 3035 952 3093 xxxxvnI.
1097 3035 1612 3094 NAUFRAGIUM
1648 3034 2092 3106 AEQUITATIS.

794 3179 966 3238 ‚Iunis
989 3179 1135 3252 apud
1163 3180 1450 3253 scopuIOS,
1475 3179 1728 3253 rapiente
1755 3179 1993 3238 libidine
2017 3179 2205 3254 legum
2223 3223 2237 3248 ,

839 3286 1065 3360 'Pergit
1088 3287 1240 3346 obire
1266 3301 1427 3344 suum
1452 3285 1684 3358 publica
1707 3286 1886 3346 Navis
1913 3286 2037 3344 iter.

795 3393 1054 3466 Remigio
1079 3408 1294 3450 morum
1320 3393 1518 3450 contra
1542 3408 1649 3450 nec
1674 3393 1903 3464 proficit
1928 3393 2106 3450 hilum
2122 3437 2135 3462 ,

865 3501 1049 3559 Antea
1071 3515 1212 3572 quae
1236 3497 1422 3557 fuerat
1445 3498 1818 3570 Philosophia
1842 3498 2056 3571 vigens.

799 3606 1140 3666 scinduntur
1161 3604 1368 3664 studiis
1382 3647 1397 3672 ‚
1425 3604 1585 3662 varia
1608 3603 1828 3690 ratione
1853 3603 2196 3674 scholarum,

867 3711 1010 3770 Esse
1035 3711 1376 3786 gubernaclo
1401 3711 1501 3783 qui
1526 3711 1751 3772 voluere
1778 3727 1955 3800 pares.

801 3819 971 3876 Paret
991 3819 1182 3888 nemo,
1203 3817 1407 3892 jubent
1429 3833 1621 3877 omnes
1648 3818 1709 3876 in
1734 3819 1957 3877 nomine
1980 3818 2225 3890 scriptae

871 3923 1072 3997 Logia,
1091 3925 1164 3983 ab
1189 3927 1305 3982 arte
1329 3925 1480 3984 mala
1505 3939 1645 3996 quae
1670 3924 1736 3984 fit
1756 3925 1965 4008 ubique
1989 3923 2201 3996 gravis.
