2996 4935
497 1872 651 1914 XXXX.

1221 622 1579 673 naumann.

683 742 732 797 Α.
756 723 981 799 femina.
1007 740 1342 799 Forinsecus
1364 738 1506 799 haec
1529 755 1591 799 se
1614 739 1747 797 dum
1772 739 1947 813 gerit,

677 846 882 920 Biceps
907 846 1226 919 praetendit
1251 845 1513 917 caudam,
1538 847 1837 906 occultans·
1854 848 2057 905 cetera.

678 984 748 994 —
772 949 980 1010 Exsere
1008 954 1064 1009 te
1089 950 1304 1011 totum:
1329 984 1400 995 -
1425 952 1508 1011 ait
1529 952 1729 1011 leaena
1754 952 2047 1013 continens

681 1058 975 1117 Gressum:
999 1090 1072 1103 -
1093 1062 1156 1119 ut
1179 1060 1260 1119 sis
1281 1061 1468 1119 brevis
1483 1104 1498 1131 ‚
1526 1072 1561 1119 a
1582 1074 1772 1119 morsu
1798 1062 1963 1120 timeo
1990 1059 2212 1134 duplice

679 1166 822 1223 Meis
847 1164 1202 1225 vehementer
1231 1166 1482 1239 pedibus,
1510 1198 1583 1211 -
1603 1167 1776 1225 Abire
1801 1168 2056 1241 scorpius

681 1272 842 1329 Tunc
869 1271 1169 1345 cogitavit,
1197 1288 1266 1330 ne
1292 1272 1591 1345 proti-itm,
1616 1274 1675 1331 et
1698 1272 1866 1330 simul

681 1376 934 1436 Enectus
963 1377 1024 1435 in
1048 1394 1260 1438 veneno
1283 1378 1471 1437 finiret
1494 1394 1610 1439 suo.

750 1485 948 1544 Coram
973 1485 1350 1559 magnanimis
1375 1484 1523 1543 male
1546 1502 1606 1545 se
1632 1485 1919 1545 contrahit
1942 1485 2138 1556 dolus,

683 1592 822 1651 Post
843 1593 1006 1665 terga
1026 1592 1092 1650 ut
1114 1593 1342 1662 noceat,
1367 1591 1482 1649 nisi
1512 1584 1817 1665 deprensus
1838 1592 2077 1653 excidat.

1032 1858 1303 1915 ITALIA
1340 1857 1432 1916 ET
1465 1856 1769 1958 SICIIfIA.

681 2006 927 2079 Imaum
953 2018 1148 2078 dicunt
1171 2018 1396 2090 plurimi
1423 2019 1659 2077 similem
1682 2035 1910 2079 ocreae:

679 2125 1002 2184 Obeliscum
1027 2125 1124 2183 sed
1149 2141 1254 2197 ego
1279 2124 1672 2183 detruncatum
1697 2125 1781 2183 ibi
1806 2125 1995 2197 video,

609 2294 617 2303 ,
681 2233 902 2305 Duplex
926 2232 1024 2291 ubi
1048 2232 1318 2291 vulcanus
1342 2232 1607 2305 utrinque
1632 2232 1837 2291 tribuit

681 2337 897 2397 Veteris
920 2337 1114 2399 ruinae
1137 2339 1406 2417 horribile
1429 2338 1829 2399 testimonium.

680 2445 820 2522 Ejus
843 2447 1092 2519 potestas
1114 2462 1265 2506 nunc
1289 2462 1348 2506 se
1371 2447 1619 2521 pedibus
1640 2446 1870 2519 exserit,

683 2554 839 2622 Quae
865 2554 1020 2626 prius
1047 2554 1107 2611 in
1133 2554 1316 2627 capite
1341 2554 1701 2615 consistebat.
1726 2554 2081 2614 Habebimus

683 2657 788 2716 Rei
813 2658 899 2718 sic
925 2661 1280 2720 consulentes
1311 2661 1569 2734 publicae
1594 2661 1789 2735 pedeS‚

679 2765 880 2827 Mirum
905 2767 1053 2838 quod
1081 2769 1228 2825 esse'²
1255 2768 1460 2839 possit:
1485 2769 1673 2826 tamen
1698 2768 2061 2842 improprium

687 2871 816 2930 Non
839 2872 928 2930 est
950 2871 1184 2944 aetatis,
1207 2888 1348 2944 quac
1372 2873 1484 2931 fert
1508 2874 1895 2932 excellentiam
2034 2852 2038 2860 ³

683 2977 915 3051 Ingenii
935 2979 1113 3038 statui
1137 2979 1541 3038 mediocritatis
1564 2982 1637 3040 ad
1662 2982 1849 3053 pedes.

903 3242 1280 3302 GRACCHUS
1333 3241 1430 3302 ΕΤ
1475 3243 1873 3301 GRAOULUS.

682 3403 912 3473 Quium
939 3405 1158 3463 curules
1185 3403 1519 3462 adfectando
1548 3401 1635 3461 vir
1662 3418 1837 3460 novus

678 3509 848 3568 Stetit
877 3527 1062 3570 coram
1089 3510 1344 3584 patriciis
1369 3511 1659 3572 Gracchus
1682 3506 1933 3568 insolens

678 3617 889 3690 Magna
912 3617 1202 3676 locuturus
1222 3618 1376 3678 omni
1401 3620 1466 3677 de
1491 3636 1552 3677 re
1578 3616 1825 3691 publica.

677 3722 992 3796 conscripti
1017 3727 1206 3796 patres
1231 3723 1381 3782 hunc
1405 3723 1669 3782 dixerunt
1698 3723 1988 3796 graculum

678 3830 963 3900 Sermone,
989 3831 1047 3888 et
1069 3831 1284 3890 calamo
1311 3831 1601 3888 Battulum
1636 3829 1957 3902 scriptorio:

680 3941 860 4010 Quare
885 3936 1109 3996 delusus
1133 3936 1304 3996 rediit
1329 3952 1591 4008 equorum
1620 3937 1691 3995 ad
1714 3936 2010 3996 nundinas.

1881 4047 1907 4086 3

2240 616 2305 671 19
