2996 4935
648 583 682 638 2
1269 592 1355 636 Ἀ.
1397 596 1464 641 ο..
1484 595 1809 637 mammon

845 703 1210 763 Verberibus:
1235 735 1307 746 —
1329 706 1549 764 mutare
1574 720 1788 776 nequeo
1813 705 2076 763 naturam
2102 719 2283 763 meam
2299 724 2313 761 ε
2330 735 2400 745 -

841 810 1027 881 Dixit,
1057 812 1116 868 et
1139 808 1202 868 in
1228 811 1396 871 verbo
1418 810 1615 885 tetigit
1641 811 1962 892 prostratus
1986 810 2185 869 solum.

911 917 1020 987 Qui
1045 917 1354 976 mediocres
1381 917 1687 991 disciplina
1709 916 1794 977 sic
1818 917 2086 989 incitant,

841 1023 917 1082 Ut
937 1023 1054 1082 sint
1076 1024 1225 1096 quod
1249 1038 1372 1083 esse
1397 1025 1687 1095 nequeunt
1710 1023 1884 1082 animi
1911 1024 2138 1083 dotibus

839 1129 1082 1205 Exiguis
1106 1130 1167 1187 in
1192 1132 1483 1202 palaestra
1510 1129 1822 1203 litteraria,

838 1237 1085 1297 Videant
1106 1252 1217 1309 quo
1244 1238 1476 1297 valeant
1500 1253 1673 1310 opera
1694 1252 1927 1309 prorsus
1952 1237 2159 1295 inutili.

841 1344 952 1404 Ubi
976 1360 1089 1404 non
1113 1345 1203 1403 est
1230 1343 1521 1418 ingenium
1537 1390 1551 1416 ‚
1576 1360 1738 1405 nemo
1764 1360 1893 1403 nam
1920 1346 2079 1404 creat

837 1451 1135 1512 vexando:
1160 1467 1265 1510 nec
1289 1467 1491 1523 aquam
1516 1450 1818 1510 refricatus
1844 1451 1945 1510 dat
1966 1450 2128 1524 lapis.

836 1559 1020 1617 Unum
1044 1558 1195 1632 quod
1219 1542 1439 1632 poss⁴mt
1463 1557 1751 1617 adfectare
1775 1558 2082 1617 mediocres

839 1664 944 1725 Est
965 1665 1326 1739 ingeniorum
1351 1666 1602 1738 diligens
1628 1664 1888 1725 imitatio.

1385 1810 1630 1817 ————-.-.-.
1643 1810 1657 1815 -
1669 1810 1732 1815 —

644 1935 740 1993 111.
925 1898 932 1901 ’
983 1932 1379 2003 nmmum,
1417 1931 1687 2005 Munus,
1730 1932 1826 1991 ET
1864 1932 2081 1992 APER.
2165 1886 2170 1897 ’

838 2094 1098 2153 Ηῑετιιιι
1121 2111 1152 2153 a
1178 2094 1418 2168 spiculis
1443 2096 1745 2154 metuenda
1766 2096 2013 2166 corneis,

833 2202 1124 2274 Siquando
1149 2203 1364 2261 sentiat
1386 2203 1749 2293 insequentes
1774 2202 2083 2275 proximos,

831 2310 1035 2368 Melem
1061 2309 1302 2368 dormire
1328 2310 1554 2369 solitam
1574 2326 1793 2368 menses
1820 2310 2099 2383 integros,

832 2417 1041 2476 Contra
1063 2418 1328 2475 naturam
1355 2432 1537 2487 suam,
1566 2431 1706 2476 ausa
1732 2417 1821 2476 est
1844 2416 2134 2477 lacessere.

831 2524 918 2582 Ea
942 2541 1066 2583 cum
1092 2523 1175 2583 nil
1201 2525 1420 2597 ageret,
1447 2525 1518 2581 ad
1546 2523 1877 2584 fruticetum
1898 2525 2083 2596 venit,
2111 2526 2220 2582 huc

827 2631 939 2689 Ubi
967 2629 1276 2690 recubabat
1300 2632 1476 2689 mater
1501 2647 1537 2688 a
1558 2630 1713 2690 foetu
1741 2636 1935 2690 recens

833 2741 1130 2812 Apromm.
1157 2738 1342 2810 Haec,
1367 2755 1438 2797 ex
1461 2740 1656 2798 eadem
1680 2741 1811 2799 dum
1836 2741 1998 2800 timet
2026 2741 2167 2812 suis,

771 2925 775 2930 1
837 2846 1312 2919 Praeoccupando
1337 2848 1619 2919 cominus,
1646 2847 1843 2906 adfixit
1872 2849 1993 2907 solo

830 2953 1223 3013 conculcatam
1238 2996 1253 3023 ‚
1277 2957 1335 3012 et
1359 2954 1615 3014 affectam
1642 2955 1801 3029 pejus
1823 2956 2111 3015 dentibus.

895 3061 1115 3120 Fabula
1139 3063 1404 3120 narratur
1431 3062 1651 3121 criticis
1676 3063 1816 3122 haec
1842 3063 2177 3132 temerariis,

826 3171 1073 3240 Quorum
1100 3170 1190 3227 est
1215 3185 1314 3241 per
1340 3169 1427 3228 fas
1451 3170 1722 3242 nefasque
1748 3170 1869 3229 fieri
1894 3170 2275 3229 incommodos

827 3276 1186 3347 Quibuslibet
1209 3277 1584 3349 scriptoribus
1610 3294 1801 3336 eorum
1828 3295 1895 3336 ex
1920 3277 2111 3350 libris,

830 3383 915 3440 Ne
942 3384 1073 3453 dum
1098 3384 1390 3453 notanteS‚
1411 3385 1510 3441 sed
1536 3386 1769 3456 agentes
1797 3383 2102 3444 calumnia.

1403 3529 1494 3533 -.—-..
1530 3529 1550 3533 .-
1567 3527 1721 3534 ..ὼ-

632 3653 747 3712 1111.
1151 3651 1400 3721 EQUUS
1440 3651 1535 3708 ΕΤ
1574 3650 1932 3710 SERPENS.

827 3813 1028 3880 Eouns
1053 3815 1307 3873 frenatus
1337 3814 1396 3872 in
1421 3814 1746 3878 societatem
1772 3814 1953 3874 viriim

826 3920 920 3978 Sic
947 3921 1034 3980 est
1055 3924 1311 3995 receptus
1327 3965 1342 3993 ,
1367 3922 1525 3982 fieret
1549 3923 1615 3980 ut
1641 3922 1789 4016 apud
1816 3923 2035 3982 Arabas
