2996 4935
438 799 568 856 12111.

1167 635 1525 680 naumann.
1610 683 1617 698 ⁸

877 797 1136 856 PHRYN
1141 797 1188 855 E
1227 798 1328 854 AD
1365 795 1817 856 CONVIWUM.

631 960 863 1018 Panna
889 959 1112 1019 fucatas
1138 959 1288 1016 inter
1311 959 1551 1016 feminas
1581 957 1748 1016 stetit

631 1064 850 1138 Regina
875 1065 1211 1135 convivalis3
1239 1065 1298 1122 et
1321 1067 1386 1122 ut
1408 1065 1559 1134 erat,
1586 1063 1699 1120 dea

506 1164 514 1169 ’
630 1171 882 1229 Naturae
907 1171 1081 1242 done,
1103 1170 1269 1229 simul
1297 1171 1356 1229 et
1378 1169 1584 1228 habitu
1608 1168 1859 1242 gratiae,

445 1965 598 2022 nmI.

467 3682 550 3723 LV.

628 1278 828 1336 Sedere
845 1277 1022 1350 jussit
1045 1276 1188 1335 facie
1211 1277 1362 1336 lotas
1385 1275 1677 1350 singulas,

634 1383 770 1457 Ejus
795 1384 864 1442 ad
889 1383 1213 1456 exemplum.
1238 1383 1438 1444 Plures
1463 1382 1564 1440 sed
1589 1396 1783 1440 earum
1808 1381 1868 1437 in
1895 1379 2055 1438 labro

631 1491 890 1548 Formam
914 1492 1251 1563 posuerunt:
1277 1489 1505 1563 Phryne
1530 1487 1951 1562 speciosissima

632 1595 782 1654 Risit
803 1611 1030 1656 cerussa
1054 1594 1315 1668 fragilem
1339 1595 1777 1668 pulcritudinem
1793 1637 1808 1664 ‚

631 1702 820 1761 Pudor
845 1703 1154 1775 occupabat
1176 1702 1330 1760 infra
1353 1700 1488 1758 dum
1512 1701 1734 1774 pallens
1758 1716 1953 1774 genas.

775 1965 1239 2034 CARDUELES,
1277 1965 1539 2034 PUERI,
1586 1965 1679 2022 ΕΤ
1722 1963 1938 2022 ANUS.

637 2125 758 2182 Duo
783 2125 1072 2184 cardueles
1095 2126 1497 2197 congesserunt
1522 2125 1583 2180 in
1608 2124 1733 2182 loco
1750 2166 1765 2193 ,

639 2230 810 2304 Cujus
833 2230 1136 2302 superabat
1159 2230 1517 2288 altitudinem
1539 2245 1743 2288 manus

640 2337 942 2396 Puerorum
960 2336 1120 2410 jactu
1145 2337 1396 2410 lapidum
1414 2380 1428 2408 ,
1455 2352 1583 2395 cum
1609 2336 1864 2409 periculo

641 2444 892 2518 Appensi
913 2443 1034 2503 nidi
1058 2443 1167 2503 sub
1190 2445 1428 2502 nutante
1457 2442 1747 2502 cacumine

639 2550 871 2610 Arboris
896 2551 1134 2609 amictae
1160 2551 1356 2609 fronde
1387 2552 1523 2609 tunc
1542 2550 1693 2608 veris
1720 2565 1881 2609 nova.

647 2660 803 2717 Anus
827 2659 1124 2733 indignata
1149 2659 1342 2717 ludum
1367 2648 1708 2717 insolentem
1726 2700 1742 2729 ,
1771 2656 1895 2715 colo

650 2765 916 2824 Detracta
937 2764 1131 2835 lateri,
1155 2764 1563 2837 praetendebat
1588 2763 1849 2822 stridula

649 2871 784 2926 Cum
809 2886 942 2927 voce
966 2870 1172 2927 minas.
1201 2870 1372 2929 Pueri
1398 2870 1500 2929 sed
1524 2871 1781 2941 expertes
1808 2871 1990 2929 metus

649 2975 802 3034 Naso
826 2975 1202 3035 admovebant
1224 2976 1440 3049 digitos
1478 2976 1611 3035 inde
1636 2994 1673 3035 a
1694 2975 1899 3048 pollice

650 3081 988 3153 Distractos‚
1013 3098 1198 3141 coram
1228 3083 1569 3141 reclamante
1598 3083 1868 3141 inaniter.

719 3189 814 3247 Sic
837 3188 1008 3248 habet
1030 3189 1196 3249 hodie
1221 3206 1282 3247 se
1308 3188 1639 3261 proculcata
1664 3190 1975 3248 auctoritas

651 3294 723 3353 In
748 3295 873 3367 ipso
898 3296 1071 3354 senio.
1097 3295 1268 3353 Risus
1295 3268 1539 3353 destruit
1564 3295 1780 3353 omnia:

653 3402 870 3460 Momus
896 3402 952 3459 et
976 3400 1224 3474 impunis
1251 3400 1412 3460 caelo
1437 3399 1611 3458 infert
1640 3401 1913 3461 convicia.

830 3665 1277 3725 DISCIPULUS
1327 3666 1421 3723 ET
1460 3664 1923 3724 EXOUSATOR.

663 3824 1158 3883 Puncon'rAnA'rua
1193 3825 1342 3882 inter
1379 3841 1555 3897 pensa
1584 3823 1931 3883 scholastica

665 3933 848 4000 Quota
877 3932 1024 3989 esset
1049 3931 1189 3989 hora
1213 3946 1374 4004 saepe
1402 3932 1627 4017 saepius
1652 3947 1790 4004 puer

2192 617 2261 672 25
