2996 4935
512 683 527 699 Ι

423 1003 497 1043 xl.

431 1900 517 1941 xii.

444 3236 546 3278 xnl.

999 588 1374 634 FABULARUM
1413 588 1593 631 LlBER
1632 591 1686 631 X.

557 684 782 756 Expers
820 680 1100 751 invidiae,
1141 682 1340 754 aperta
1378 679 1482 738 sed
1521 679 1839 752 confligere

558 770 741 831 Debet
777 785 912 830 cum
951 770 1140 840 vitiiS,
1178 768 1398 828 sterilis
1435 784 1468 827 a
1506 768 1809 829 calumnia.

1059 1000 1332 1061 BOREAS
1369 1002 1458 1059 ET
1495 998 1641 1059 SOL.

569 1130 975 1187 Commune-,ns
1011 1130 1227 1187 Boreas
1264 1126 1625 1187 obtruncare
1664 1125 1882 1186 vimina

567 1216 692 1276 ibat
724 1216 1105 1277 vehementer
1141 1216 1501 1277 incursando
1542 1214 1799 1287 flatibus,

563 1310 836 1366 Devexus
872 1306 944 1366 ad
980 1320 1254 1365 occasum
1293 1307 1388 1365 Sol
1426 1322 1456 1364 a
1497 1304 1745 1365 meridie
1996 1368 2001 1375 ,

566 1395 752 1466 Vidit,
789 1398 850 1455 et
883 1394 1214 1466 admonuit,
1253 1397 1503 1469 poneret
1543 1398 1607 1453 ul.
1643 1394 1764 1453 irae
1802 1392 2068 1460 modum,

565 1484 863 1559 Obsequio
900 1484 1203 1545 humilitas
1242 1500 1376 1543 nam
1415 1482 1482 1543 fit
1523 1482 1955 1558 insuperabilis.

633 1574 913 1635 Demissis
949 1576 1147 1636 animo
1185 1574 1588 1647 suffragantur
1626 1573 1713 1632 sic
1752 1573 1893 1643 viri,

568 1669 726 1737 Quos
759 1664 1190 1739 aggrediuntur
1231 1665 1505 1737 frangere
1545 1665 1603 1723 vi
1640 1662 1965 1734 superbiae.

1180 1895 1541 1953 SOPHISMA.

570 2023 806 2078 senens
843 2018 1146 2091 sophisma
1185 2018 1429 2075 rationis
1467 2016 1759 2075 velamine

573 2107 946 2175 contectum,
985 2119 1060 2163 ex
1095 2102 1372 2163 cathedra
1410 2102 1732 2176 quaerebat
1766 2104 2065 2164 subtiliter

574 2195 858 2270 Decipere
895 2193 1204 2253 haerentes
1241 2192 1415 2251 allius
1453 2190 1755 2253 radicibus

575 2285 854 2344 Salutaris
891 2284 1192 2343 doctrinae
1233 2284 1290 2341 in
1329 2296 1505 2341 omne
1544 2282 1825 2343 seculum.

575 2378 882 2433 insinuans
919 2387 984 2435 se
1023 2372 1344 2433 verborum
1384 2372 1724 2443 lenociniiS,

571 2467 644 2524 Et
681 2464 984 2524 fraudibus
1021 2464 1288 2538 irrepere
1325 2460 1563 2536 agebat,
1602 2478 1709 2522 ceu
1750 2461 2057 2522 frondium

572 2554 690 2614 Sub
729 2553 1022 2613 viriditate
1061 2551 1308 2612 coluber
1343 2551 1817 2612 inaestimabilis.
1962 2558 1981 2564 ⁵

575 2647 762 2703 Homo
800 2645 1116 2720 peracutus
1153 2642 1258 2702 sed
1295 2643 1564 2718 praeciso
1599 2641 1804 2701 circuli

567 2735 749 2804 Vitio,
789 2749 898 2793 nec
933 2734 1129 2808 specie
1157 2733 1316 2792 -recti
1354 2730 1685 2806 deprensus
1722 2731 1908 2790 dolis:

569 2854 641 2865 —
669 2824 961 2898 Exspecto
999 2823 1260 2892 fruclu8‚
1298 2821 1405 2880 ait:
1445 2834 1679 2880 amaros
1716 2820 1991 2895 suspicor

571 2913 682 2973 Sed
716 2914 827 2974 hos
865 2915 1098 2975 futuros
1135 2927 1169 2972 a
1207 2911 1482 2984 lanugine
1520 2909 1824 2970 morbida:
1864 2941 1933 2952 -

569 3006 649 3063 Os
685 3003 859 3064 simul
898 3005 1174 3062 avertens
1213 3004 1418 3074 tergus
1453 2998 1673 3076 objecit
1706 3000 1861 3073 suga.

973 3233 1389 3292 AVUNCULUS
1426 3231 1516 3288 ET
1556 3231 1793 3288 NEPOS.

569 3363 930 3418 Avuncuws
967 3359 1242 3430 nepotem
1273 3353 1443 3414 natali
1489 3367 1599 3414 suo

573 3448 776 3506 Sirena
818 3445 1060 3505 donavit
1098 3443 1314 3504 nobilis
1354 3442 1645 3518 horologii

575 3534 767 3592 solido
803 3551 876 3594 ex
914 3538 1188 3609 argente,
1219 3534 1394 3594 simul
1435 3531 1726 3593 indicibus
1764 3531 1983 3590 aureis.

574 3625 784 3682 Tolum
823 3625 932 3685 hoc
969 3625 1073 3684 sed
1113 3625 1285 3697 pretii
1322 3625 1427 3699 per
1465 3622 1763 3681 momenta
1800 3616 2135 3677 claudicans

571 3713 836 3772 Breviter
871 3715 1065 3788 nepoti
1105 3729 1282 3772 curae
1319 3713 1456 3781 fuit,
1494 3726 1563 3770 ac
1602 3707 1826 3778 taedio,

574 3801 966 3861 inofficiosum
1007 3803 1105 3876 qui
1149 3800 1469 3874 resignavit
1506 3799 1679 3874 patri.

570 3895 741 3951 Pater
779 3894 1109 3966 opportune
1147 3889 1406 3950 monuit:
1444 3921 1517 3932 --
1551 3891 1623 3950 Ut
1660 3888 1839 3958 scias,
1878 3900 2057 3960 puer,

573 3985 690 4042 Usu
730 3983 1071 4057 praecipue,
1112 3997 1221 4040 nec
1257 3983 1505 4042 materie
1542 3977 1746 4054 perfici

572 4073 842 4146 Proprie,
883 4088 1136 4146 vereque
1173 4072 1503 4147 pretiosum
1540 4068 1699 4144 quod
1733 4067 1976 4127 dicitur.

579 4163 658 4220 ila
697 4165 754 4221 el
793 4163 1088 4236 ingenium
1129 4162 1254 4220 sinc
1296 4161 1418 4232 lege
1459 4161 1557 4218 vix
1597 4157 1914 4232 probabile.
1956 4183 2025 4194 -—
