2996 4935
417 1808 501 1850 ul.

997 591 1374 634 FABULARUM
1415 592 1597 635 LIBER
1633 593 1689 635 X.
2213 587 2279 636 23

563 683 794 744 Leviter
833 674 1170 758 proliciunt,
1207 683 1575 743 Tentandum·
1614 683 1898 746 radicitus

564 777 676 833 Cor
711 776 801 832 est
837 773 1190 843 humanum,
1230 772 1391 846 quod
1427 773 1781 847 plerumque
1819 774 2169 850 ambagibus

560 863 715 922 Solet
751 862 1136 937 labyrintheis
1173 864 1508 922 scrutantes
1546 861 1761 922 fallere:

561 951 774 1027 Maiore
811 953 1014 1012 fraeno
1053 967 1239 1026 poena
1281 949 1666 1027 turpitudinis

559 1041 802 1100 coercet
837 1040 1145 1099 audituros
1181 1040 1579 1098 conscientiae

557 1132 858 1201 LatratuS,
895 1128 1021 1205 ejus
1058 1133 1234 1204 atque
1265 1142 1511 1208 ,morsus
1550 1129 1824 1202 intimos3

560 1220 668 1280 Ubi
704 1219 1039 1279 scholarum
1079 1233 1194 1278 vox
1233 1221 1519 1294 perpetua
1555 1221 1841 1278 consonet

560 1309 792 1369 Virtute
829 1323 966 1369 cum
1006 1309 1309 1367 rectorum
1350 1308 1599 1376 honesta
1636 1308 2026 1388 colentiump

558 1402 776 1480 Eorum
815 1397 1085 1472 exemplo
1124 1412 1257 1457 nam
1295 1397 1528 1457 constat
1564 1397 1910 1472 respublica.

555 1491 675 1547 Hoc
712 1488 760 1546 si
799 1486 1059 1557 deficiat,
1095 1485 1289 1566 omnis
1328 1487 1675 1561 praecipitat
1712 1487 1858 1546 fides

555 1577 846 1648 sustiuae,
887 1578 953 1634 ut
988 1576 1214 1636 crimen
1254 1575 1356 1646 sit,
1395 1589 1515 1636 non
1554 1577 2065 1658 esse-pessimum.

1157 1858 1164 1873 ,
1223 1801 1462 1866 POLUS.

556 1936 604 1992 A
639 1935 1156 1990 DAssuoooReomz
1175 1930 1381 1990 Polum
1419 1933 1687 1992 extitisse
1722 1933 2023 2006 genitum

555 2004 818 2078 Tradunt
827 2020 1089 2118 poetae,
1126 2017 1454 2076 fabricante
1492 2021 1826 2080 machinam

555 2108 732 2178 SoliS,
751 2097 940 2180 quus
978 2105 1203 2164 favillas
1240 2106 1448 2168 sollers
1485 2107 1693 2166 filius
1906 2157 1913 2168 .

557 2199 773 2257 Omnes
803 2195 862 2254 in
901 2187 1210 2289 proprium
1250 2196 1553 2255 transtulit
1589 2195 1951 2282 cubiculum.

627 2287 774 2345 Sunt
807 2285 910 2360 qui
949 2299 1060 2359 pro
1086 2273 1581 2359 Daemogorgone
1619 2285 1821 2346 verius
1857 2291 2041 2347 Deum

556 2376 686 2436 Sole
723 2376 784 2434 et
817 2373 1134 2450 syderibus
1175 2375 1442 2435 recolant
1477 2377 1799 2435 auctorem
1822 2378 1936 2450 rei,

556 2471 712 2538 Quae
749 2464 1149 2539 cognitionem
1187 2465 1387 2524 sensui
1419 2464 1526 2525 dat
1563 2465 1798 2526 lumine.

558 2555 779 2626 Odore,
814 2554 1050 2625 auditu,
1090 2554 1303 2627 gustu,
1342 2556 1502 2615 tactu
1544 2568 1865 2630 possumus

557 2649 618 2704 ln
661 2644 922 2703 tenebris
962 2645 1046 2702 uti
1084 2657 1226 2714 noS,
1265 2642 1369 2702 sed
1408 2646 1543 2703 visu
1579 2641 1948 2720 neutiquam,

556 2734 677 2792 Nisi
716 2731 1044 2791 intercedat
1082 2731 1212 2802 lux,
1241 2742 1400 2806 quae
1413 2724 1643 2792 'laudes
1681 2733 1939 2835 integrat

557 2824 659 2881 Dei
697 2820 953 2881 creantis
993 2819 1104 2879 hoc
1142 2822 1346 2881 mundi
1387 2804 1833 2897 spectaculum.

554 2912 824 2971 Breviter
861 2910 998 2969 huic
1038 2910 1325 2970 interesse
1364 2911 1539 2970 nobis
1576 2914 1669 2971 est
1704 2911 1938 2985 datum,

557 3000 667 3059 Sed
707 3014 823 3058 non
861 3001 921 3058 et
957 2998 1100 3059 illud
1139 3002 1348 3060 nostro
1389 3014 1597 3073 regere
1635 3000 1900 3062 arbitrio.
1939 3034 2010 3047 —-

627 3088 804 3148 Polus
839 3090 932 3146 est
969 3088 1269 3161 ingenium
1305 3089 1446 3147 felix
1483 3105 1517 3148 a
1552 3092 1725 3149 Patre
1764 3091 2085 3165 luminum,

558 3181 777 3238 Eorum
805 3167 975 3251 'quod
1009 3179 1276 3236 ramenta
1313 3182 1697 3251 quantumvis
1736 3180 1924 3251 legat',

561 3268 841 3328 'tollat-et
877 3264 1178 3337 anhelum,
1218 3280 1541 3340 numquam
1580 3259 1881 3361 concipifft
1908 3272 2119 3331 omnia.
2181 3252 2277 3377 ᾧ]

1079 3598 1599 3651 -Τ--ἠ-μ-φ--ψ
