2996 4935
1232 604 1600 648 manzanum.

703 715 1024 774 Trabantur
1061 714 1136 772 ad
1171 714 1395 774 theatra
1413 755 1430 785 ‚
1469 712 1767 774 curiositas

707 822 813 880 Ubi
849 821 916 878 fit
945 820 1227 885 ‚malarum
1265 818 1620 878 conciliatrix
1656 819 1941 880 fraudium

705 928 830 986 Non
866 927 1116 999 usitata,
1151 928 1210 984 et
1247 943 1418 986 caeca
1455 927 1693 1000 ambage
1731 926 2057 987 dramatum.

2250 592 2313 650 31

702 1035 1016 1106 Quaerunt,
1043 1049 1211 1106 quam
1236 1048 1522 1106 nunquam
1549 1033 1849 1092 inveniunt
1872 1035 2033 1095 extra
2056 1035 2279 1109 pulpita

702 1137 1018 1212 Scenarum,
1056 1140 1244 1210 vitam,
1283 1139 1635 1198 transferunt
1670 1143 1729 1198 et
1762 1140 1821 1197 in
1861 1141 2067 1212 domos,

702 1250 880 1309 Nacto
917 1247 1204 1322 conjugio,
1239 1249 1390 1320 quod
1425 1263 1616 1305 earum
1652 1247 1947 1308 subversio

702 1357 818 1415 Sit:
854 1341 1156 1428 iniquitate
1191 1355 1501 1413 suscitante
1540 1354 1836 1414 libidinem
1855 1397 1871 1427 ,

698 1463 932 1523 Sursum
967 1465 1024 1522 et
1058 1461 1316 1522 deorsum
1349 1478 1493 1533 quae
1530 1463 1763 1522 confusa
1800 1463 1895 1522 det
1928 1463 2109 1524 omnia
2127 1505 2143 1534 ‚

590 1559 600 1564 ⁵
699 1571 978 1644 Majorum
1012 1571 1118 1628 sub
1153 1568 1500 1641 imaginibus
1536 1570 1593 1628 id
1631 1569 1937 1629 videntium
1958 1613 1973 1640 ,

701 1679 851 1738 Pene
887 1677 1193 1750 supercilio
1228 1677 1567 1736 reclamante
1605 1678 1857 1737 inaniter

585 1864 587 1866 q
699 1787 749 1842 A
785 1784 1051 1844 familiari
1085 1783 1339 1844 funditus
1376 1785 1691 1858 naufragio.

1139 2047 1718 2106 PHALE'UCIUM

739 2157 838 2214 DE
875 2154 1392 2225 PETRONILLA,
1445 2151 1542 2212 ΕΤ
1581 2153 2099 2214 COMMODILLA.

769 2319 1140 2376 Puraomnm
1173 2317 1376 2374 decens
1409 2315 1625 2374 honore
1660 2315 1871 2376 formae
1890 2357 1907 2386 ,

769 2423 845 2483 Et
877 2422 1067 2498 pensis
1105 2437 1344 2496 operosa
1379 2437 1508 2481 cum
1546 2420 1799 2481 modesto

770 2532 939 2591 Cultu
974 2530 1224 2604 corporis
1244 2573 1260 2602 ,
1296 2530 1418 2589 odit
1455 2547 1579 2589 esse
1616 2531 1753 2590 nota
1767 2573 1785 2602 ‚

774 2640 1079 2699 Occursum
1105 2680 1121 2707 ,
1155 2640 1324 2711 atque
1361 2640 1553 2699 oculos
1591 2656 1795 2698 cavens
1825 2638 2110 2712 juventae.

774 2747 914 2821 Ejus
947 2745 1155 2805 dissita
1190 2761 1338 2804 more
1375 2746 1741 2805 Commodilla
1803 2781 1812 2790 -

768 2852 1096 2913 Delectatur
1131 2866 1307 2911 ovans
1343 2852 1703 2911 celebritate:

769 2956 919 3017 Nam
953 2957 1150 3017 matris
1187 2957 1374 3017 studio
1394 2999 1411 3028 ‚
1448 2957 1539 3017 vel
1575 2956 1679 3017 hos
1708 2957 1798 3017 vel
1832 2956 1963 3017 illos
1982 3000 1997 3027 ,

775 3065 1066 3124 submissa
1102 3064 1284 3138 effigie
1319 3065 1587 3138 nigrante
1622 3065 1771 3125 Solis
1824 3054 1829 3059 ’
1884 3122 1887 3127 .

777 3172 1020 3235 Incursu
1053 3188 1122 3231 ac
1157 3188 1351 3245 opera,
1387 3172 1535 3243 petit
1570 3172 1797 3242 tenere;

773 3278 881 3337 His
919 3278 990 3337 ab
1027 3278 1252 3338 insidiis
1289 3277 1412 3337 dari
1447 3276 1711 3337 maritum

773 3388 1016 3460 Sperans
1047 3386 1385 3460 multiplicis
1421 3387 1613 3446 favore
1650 3388 1896 3446 chartae.

849 3492 979 3551 Olet
1013 3493 1314 3553 stultitiam
1349 3492 1605 3567 parentis
1640 3496 1825 3565 astus;

777 3600 856 3661 Et
889 3616 1050 3673 quem
1085 3600 1203 3659 filia
1238 3600 1410 3659 vellet
1445 3600 1699 3660 invenire

781 3707 997 3772 Unum,
1033 3722 1250 3779 semper
1285 3706 1450 3763 abest
1485 3706 1685 3765 timore
1719 3706 1871 3787 nodi.
1960 3712 1963 3715 ’

777 3814 974 3873 Palam
1009 3832 1142 3875 nam
1177 3812 1362 3873 facilis
1397 3811 1591 3886 puella
1624 3813 1833 3871 mulcet

784 3920 1006 3991 Plures,
1041 3922 1102 3981 et
1133 3921 1388 3997 speciosa
1422 3919 1597 3979 terret
1630 3934 1818 3979 unum.

1217 4086 1639 4123 -ς-Οοκομ-
