2996 4935
1199 678 1202 681 -
1247 641 1527 700 ansermi.
2228 642 2301 703 43

595 770 731 827 Fert
753 784 892 842 opus
915 769 1022 839 ire,
1051 768 1244 827 sedes:
1269 768 1381 826 fert
1405 768 1705 828 obfirmata
1728 769 1994 829 voluntas

666 876 812 946 Quid
836 877 1057 934 facere:
1091 876 1152 935 in
1191 876 1358 937 dubio
1383 876 1439 933 te
1463 876 1621 947 teris,
1647 878 1817 949 inque
1843 878 2012 935 metu.

595 984 728 1044 Otia
751 984 835 1043 sic
863 984 1113 1055 sequeris
1128 1027 1143 1055 ,
1169 983 1448 1057 siquando
1473 984 1627 1042 exire
1650 1000 1883 1044 necesse
1908 986 2025 1055 est,

661 1090 992 1165 Praeripere
1019 1091 1184 1163 atque
1209 1091 1338 1149 aliis
1353 1091 1498 1150 utile
1523 1091 1671 1165 quod
1694 1092 1805 1149 tibi
1830 1092 1927 1150 sit.

593 1196 749 1254 Idem
775 1196 949 1255 etiam
973 1198 1220 1269 prudens
1243 1197 1365 1257 fieri
1388 1198 1765 1256 moderamine
1789 1199 1975 1257 nescis
1993 1242 2008 1267 ‚

663 1305 870 1363 Sistere
895 1306 1128 1363 deberes
1151 1307 1282 1366 dum
1306 1307 1593 1379 sapienter
1618 1306 1791 1366 iners,
1849 1310 1861 1321 ·

591 1412 859 1484 Quisquis
886 1429 974 1483 es,
998 1413 1319 1471 accumulas
1346 1428 1548 1472 causas
1573 1412 1683 1473 tibi
1708 1429 1933 1486 nempe,
1963 1414 2021 1471 et
2046 1413 2243 1475 amicis
2259 1457 2274 1485 ‚

661 1518 833 1603 Queis
857 1518 1041 1591 possis
1066 1518 1178 1577 dici
1204 1519 1472 1595 temporis
1497 1519 1817 1578 antithesis,
1874 1504 1881 1509 ⁶

419 1770 423 1774 ¹
471 1747 682 1829 xme„
1177 1748 1316 1807 ARS
1354 1749 1604 1825 VITAE.

592 1892 710 1949 Ans
739 1893 828 1949 est
854 1892 914 1947 in
941 1892 1088 1963 vita,
1112 1893 1323 1951 fratres
1347 1909 1490 1965 quae
1510 1894 1724 1968 ,iungat
1748 1910 1962 1965 amore,

662 1998 926 2056 Proxima
945 2001 1209 2069 naturae,
1235 2016 1342 2057 nec
1366 2002 1555 2058 tamen
1576 2000 1679 2059 illa
1705 2016 1926 2073 parone.

603 2105 714 2163 Vix
739 2105 950 2163 tolerat
972 2107 1178 2163 natura
1201 2107 1342 2164 duos
1367 2105 1625 2164 habitare
1639 2150 1653 2177 ‚
1678 2107 1738 2163 et
1760 2108 1969 2165 habere

666 2212 826 2281 Quod
853 2227 1139 2270 commune
1165 2210 1332 2269 simul
1361 2212 1467 2283 sit,
1494 2212 1891 2285 propriumque
1916 2213 2101 2272 simul.

592 2318 814 2375 Primus
841 2317 983 2376 Abel
1009 2318 1196 2389 docet,
1223 2318 1583 2391 atquecain,
1605 2334 1717 2390 quo
1741 2318 1861 2377 fine·
1880 2320 2053 2401 cadat
2078 2336 2166 2378 res
2182 2344 2203 2391 ‚·

659 2426 900 2484 Subdita
923 2424 1205 2486 fraternae
1229 2425 1496 2486 sensibus
1523 2426 1786 2486 invidiae.

595 2533 706 2590 Ars
732 2550 866 2606 ergo
892 2535 981 2592 est
1003 2534 1176 2605 vitae,
1205 2550 1372 2607 quam
1399 2535 1498 2608 qui
1525 2535 1915 2608 complectitur
1940 2551 2073 2603 usu,

666 2639 775 2697 Ille
800 2643 974 2714 negat
997 2641 1108 2699 sibi
1133 2659 1221 2713 se,
1249 2641 1474 2701 dedicat
1497 2644 1666 2714 atque
1691 2643 1807 2701 Deo

599 2746 802 2803 Rerum
829 2747 1224 2820 hominumque
1248 2749 1409 2807 Patri
1433 2765 1606 2822 super
1630 2749 1820 2809 omnia
1847 2751 2041 2810 secula
2067 2751 2196 2808 vivo

666 2853 890 2910 Cultum
915 2852 1181 2910 humilem
1204 2854 1460 2912 tribuens
1476 2898 1491 2925 ,
1521 2855 1669 2928 legis
1694 2872 1881 2916 amore
1908 2873 2059 2915 suae.

477 3101 602 3142 xxv.
1252 3085 1533 3144 FOLLIS.

600 3227 814 3284 Fenus
839 3243 961 3286 eam
987 3229 1252 3286 ventosus
1280 3244 1389 3302 ago
1415 3228 1531 3287 vim
1547 3272 1561 3300 ,
1589 3229 1749 3303 cujus
1774 3232 1845 3288 ab
1869 3213 1967 3288 ira

668 3336 956 3394 Turbatur
983 3336 1195 3410 campis
1222 3342 1348 3408 aer,
1375 3317 1433 3395 et
1457 3353 1664 3409 aequor
1688 3337 1879 3411 aquis;

604 3443 768 3514 Ignis
793 3444 937 3502 edax
963 3443 1136 3502 alitur
1159 3444 1372 3503 virtute
1396 3445 1634 3503 licenter
1660 3445 1859 3514 eundi,

672 3550 908 3608 Deserta
935 3553 991 3608 et
1014 3552 1252 3610 tumulis
1278 3553 1675 3626 pulverulenta
1696 3555 1932 3610 scatent.

603 3655 800 3714 AEolus
825 3673 945 3715 esse
971 3660 1158 3731 potest
1179 3660 1498 3718 moderator
1524 3661 1583 3716 et
1606 3658 1852 3729 arbiter,
1880 3657 1955 3717 ad
1980 3675 2067 3716 me
2123 3686 2128 3691 ·

670 3761 1014 3837 Quicumque
1041 3767 1300 3835 accedat,
1326 3759 1717 3837 dimoveatque
1744 3781 1931 3823 manu.

600 3869 866 3928 Machina
888 3885 1013 3928 sum
1029 3915 1044 3942 ‚
1069 3888 1212 3944 quae
1241 3873 1448 3930 damna
1473 3871 1591 3930 fero
1608 3915 1621 3942 ‚
1647 3873 1694 3930 si
1723 3871 1955 3933 flatibus
1978 3874 2136 3933 exlex
2247 3881 2252 3888 ’

670 3977 861 4035 Irrue:
887 3978 1009 4048 sed,
1040 3977 1088 4035 si
1113 3980 1238 4050 quis
1263 3997 1348 4037 me
1374 3981 1561 4052 regat,
1590 3997 1767 4053 aequa
1786 3980 1938 4053 Juvc.
