2996 4935
993 597 1374 642 Fan-nunna
1407 595 1595 642 muna
1631 599 1713 642 11.

435 743 594 786 ¹¹⁸¹·
817 699 822 706 ί
1079 800 1084 806 .
1130 744 1599 802 ΒΕΜΕΝΊῚΑ.

571 866 774 926 Domus
811 863 1118 941 hospitalis
1152 866 1432 930 sanandis
1467 865 1847 932 dementibus

566 955 822 1028 Patebat:
862 960 1026 1019 ratus
1065 955 1390 1028 hospitium
1429 955 1527 1014 hie
1564 969 1697 1022 esse
1739 971 2069 1030 pauperum

569 1045 816 1115 Quidam
853 1045 946 1104 vir
983 1044 1242 1117 locuples
1280 1043 1573 1114 liberaliS,
1612 1045 1847 1119 etpius

565 1132 838 1204 Intravit,
878 1137 944 1193 ut
977 1133 1314 1206 singillatim
1353 1135 1573 1208 stipem
1612 1133 1799 1194 daret.
1848 1185 1857 1192 .

505 1268 516 1276 .
570 1224 731 1282 Unus
767 1222 872 1281 sed
905 1237 1117 1281 eorum
1153 1223 1261 1284 ait:
1299 1253 1374 1284 -—·.
1404 1225 1593 1292 Nemo
1630 1223 1919 1298 pecuniae

568 1312 760 1371 lnhiat
794 1328 869 1372 ex
906 1311 1106 1374 nobis:
1146 1309 1258 1372 hoc
1294 1311 1579 1373 stultitiae
1614 1312 1717 1370 sed
1755 1325 1945 1385 genus

570 1404 684 1461 Per
719 1403 1097 1476 angiportus,
1135 1404 1198 1460 et
1235 1400 1462 1461 theatra
1500 1400 1758 1470 tollitur,

570 1495 728 1561 Quae
764 1491 905 1551 daut
940 1495 1252 1560 emunctos
1291 1490 1582 1560 nummiS,
1620 1494 1688 1549 et
1717 1504 1820 1550 eos
1858 1489 2179 1564 pharmaco

567 1580 808 1640 Laboris
848 1581 932 1639 uti
970 1583 1193 1663 cogunt
1228 1579 1518 1638 adversus
1557 1580 1794 1638 famem.
1834 1612 1907 1622 —

643 1672 814 1730 Certe
851 1670 1154 1729 convaluit
1191 1670 1325 1728 talia
1363 1670 1466 1744 qui
1505 1669 1746 1729 loeutus
1784 1672 1910 1738 est,

570 1761 730 1818 luter
763 1759 1070 1820 dementes
1107 1759 1343 1832 sapiens
1379 1760 1439 1817 et
1475 1760 1625 1832 agit,
1668 1760 1941 1832 tempore

573 1850 702 1920 Quo
739 1849 888 1909 furit
919 1848 1186 1910 exterius
1223 1850 1585 1920 congregat-a
1624 1848 1872 1908 insania.

433 2077 611 2120 xxxul.
671 2149 678 2156 ο
788 2077 1095 2142 PAPILIO.
1139 2075 1481 2145 GRYLLUS,
1537 2075 1627 2133 ET
1676 2077 1920 2135 SIMIUS.

573 2204 820 2260 Par-mo
859 2201 1097 2272 niveus»,
1135 2201 1196 2259 et
1230 2198 1460 2274 gryllus
1497 2200 1864 2273 nigerrimus

575 2287 848 2364 Eiusdem
885 2303 1098 2349 caveae
1139 2288 1485 2349 moerebant
1520 2288 1839 2362 angustiis:

572 2383 822 2438 Laetuea
858 2379 1068 2438 viridis
1104 2379 1297 2438 tamen
1339 2379 1468 2438 erat
1507 2376 1738 2438 solatio.

576 2473 626 2529 lt
659 2469 734 2529 ad
762 2470 1114 2541 fenestram,
1151 2470 1280 2529 heri
1313 2467 1590 2543 deliciae,
1632 2469 1873 2539 simiuS‚

575 2561 646 2618 Et
685 2558 817 2619 inde
855 2573 1094 2621 caveam
1121 2557 1480 2633 pendulam,
1526 2556 1845 2622 formidine
1880 2604 1885 2611 .
1920 2595 1925 2601 -

574 2650 893 2725 Utriusque
931 2649 1178 2721 captivi,
1221 2649 1519 2723 malignus
1558 2651 1811 2723 aperuit.

578 2738 741 2799 Alius
777 2739 1002 2809 volatu,
1040 2738 1192 2799 saltu
1232 2753 1519 2812 praeceps
1556 2740 1621 2797 et
1656 2738 1809 2798 alius

565 2831 742 2891 ‚Tune
757 2829 1024 2899 abeunt,
1063 2827 1286 2901 frustra
1325 2827 1685 2888 reclamante
1705 2826 1912 2889 ¹simio.

647 2919 741 2977 Sic
781 2917 1008 2992 trepida
1046 2918 1268 2978 veritas
1306 2918 1429 2978 exit
1463 2916 1541 2975 ab
1576 2916 1791 2975 astulia

581 3007 786 3067 Colore
826 3006 1072 3081 proprio
1113 3006 1384 3075 virtutis,
1419 3006 1551 3066 sive
1587 3005 1741 3075 vitii,
1814 3002 1820 3006 ’

578 3098 651 3153 Ut
683 3095 911 3156 caelum
951 3094 1237 3164 inveniat,
1277 3094 1533 3154 latebras
1570 3097 1672 3153 aut
1710 3094 1897 3153 intret
1932 3092 2079 3163 soli,

576 3183 808 3244 ,iudicio
843 3184 1127 3255 historiae
1155 3183 1488 3246 nescientis
1524 3182 1833 3243 ambitum.

441 3418 638 3461 unul.
847 3494 852 3501 α
961 3406 1280 3475 vlvERRA
1315 3416 1406 3473 ET
1445 3412 1807 3497 CUNIGULI„

579 3544 1020 3619 cumcumatm
1055 3543 1247 3601 maler
1285 3540 1460 3601 enixa
1497 3538 1729 3599 catulos

581 3629 848 3689 Timebat
881 3630 996 3689 illis
1029 3646 1063 3690 a
1100 3631 1373 3690 vivet-rae
1411 3628 1708 3689 dentibus.

582 3719 782 3779 Adfuit
817 3720 1046 3778 hostilis
1085 3720 1280 3779 indole
1316 3717 1604 3795 mustelae
1646 3730 1827 3775 soror

583 3812 763 3869 Utere
799 3808 1095 3867 laborans.
1132 3840 1206 3850 -
1239 3808 1449 3866 Parcet
1490 3806 1576 3865 ait
1614 3818 1937 3880 puerpera,

583 3902 802 3959 Parens
837 3898 1036 3956 futura
1069 3896 1338 3955 breviter
1377 3910 1450 3955 eo
1489 3892 1788 3969 periculo,

583 3993 784 4065 quue
819 4002 1022 4047 amore
1057 3987 1268 4047 matris
1303 4001 1444 4059 erga
1481 3984 1778 4060 parvulos
1813 4015 1885 4027 -

585 4079 836 4137 viverra
873 4075 1190 4135 abstinuit:
1227 4075 1284 4133 in
1325 4074 1667 4148 exemplum
1706 4072 2046 4133 volentium

588 4167 802 4225 Vivere
841 4165 1012 4225 alieni
1050 4164 1122 4225 de
1161 4166 1332 4225 ruina
1372 4163 1667 4224 culminis.

2220 591 2287 640 35
