2996 4935
1268 639 1529 681 sunaus.
2238 626 2308 683 63

605 758 738 811 Esse
775 752 1127 825 peregrinae,
1162 764 1366 822 perque
1404 750 1707 807 intervalla
1743 752 1953 808 moveri

675 860 882 918 Nullus
911 860 1032 932 ,iam
1067 840 1288 930 posset,
1319 858 1372 914 si
1408 872 1625 929 quoque
1662 851 1860 926 vellet,
1897 857 2077 917 homo.

607 967 878 1025 Omnibus
901 967 964 1022 in
986 966 1171 1037 rebus,
1197 964 1511 1035 studiisque
1538 964 1613 1021 ab
1636 963 1859 1037 origine
1882 966 2082 1023 rerum

677 1072 944 1130 Pluribus
969 1072 1058 1129 est
1081 1071 1225 1143 odio,
1253 1069 1671 1141 despiciturque
1697 1086 1869 1128 mora.

607 1178 792 1252 Hujus
831 1178 1096 1251 despectu
1132 1178 1412 1250 patientia
1431 1180 1472 1219 θ’·
1497 1178 1741 1237 maxima
1764 1179 2043 1249 quondam

680 1285 838 1344 Inter
863 1286 1119 1357 virtutes
1146 1286 1382 1344 urbibus
1405 1286 1536 1344 exul
1562 1286 1698 1345 abit.

609 1392 775 1451 Orbis
799 1395 1095 1466 utrumque
1120 1393 1272 1451 latus
1294 1408 1468 1465 quare
1483 1386 1855 1452 contenditur
1879 1394 2025 1452 actis

675 1499 1003 1559 Consociare
1030 1499 1156 1571 viis,
1171 1514 1286 1575 -neqc
1311 1500 1478 1557 datur
1500 1500 1622 1558 ulla
1643 1502 1819 1572 quies.

609 1608 768 1665 Unus
793 1605 1049 1678 deficiat,
1073 1607 1230 1666 subit
1255 1608 1426 1679 alter,
1453 1623 1627 1680 eoque
1651 1609 1904 1682 sepulte,

663 1698 910 1771 'Exultat
931 1714 1194 1771 minimus
1220 1713 1286 1773 de
1312 1730 1488 1788 grege
1502 1758 1518 1788 ‚
1540 1714 1715 1787 fitque
1738 1717 1907 1788 prior.

606 1818 659 1889 N
660 1820 780 1878 ulla
803 1820 940 1880 fides
963 1820 1204 1879 meritis:
1235 1822 1388 1893 rapit
1411 1838 1601 1881 omnes
1630 1822 1889 1883 machina
1910 1824 2121 1882 laudes,

549 1976 552 1981 .
674 1926 1041 2000 Praecipuum
1063 1928 1124 2010 in
1148 1930 1269 1987 vita
1293 1931 1408 2000 est,
1433 1930 1571 2001 quid
1598 1930 1810 2003 facere,
1836 1931 2003 2003 idque
2028 1932 2158 1993 cito.

605 2032 763 2101 Quod
788 2033 976 2092 fructu
1002 2036 1323 2104 cunctatur,
1351 2036 1517 2093 obest
1540 2035 1927 2095 minuentibus
1949 2037 2118 2095 horas

673 2139 873 2205 Noctis
889 2182 904 2210 ‚
929 2141 986 2197 et
1009 2140 1204 2199 oblitis
1228 2144 1446 2213 tempus
1471 2142 1676 2201 habere
1706 2143 1877 2200 vices.

607 2248 697 2325 An
721 2262 834 2305 non
858 2246 956 2318 qui
981 2251 1120 2319 puer
1144 2249 1254 2318 ent,
1275 2247 1502 2320 juvenis
1519 2290 1534 2318 ‚
1558 2247 1645 2305 vir
1668 2247 1809 2307 forte
1824 2290 1839 2317 ‚
1865 2264 2143 2321 senexque

676 2352 800 2411 Fiet
823 2353 895 2411 ab
918 2354 1124 2411 aetatis
1149 2352 1513 2412 conveniente
1544 2354 1765 2427 gradu?

611 2452 918 2519 Emicuisse
943 2459 1125 2534 Tages
1149 2460 1511 2534 sapiensque,
1536 2461 1824 2535 bonusque
1840 2456 2121 2536 ‘magister

678 2568 902 2626 Dicitur
926 2585 962 2627 a
993 2569 1149 2628 sulco
1174 2568 1601 2641 Tarquiniensis
1626 2569 1767 2642 agri.

611 2675 816 2734 Mirum
840 2676 1099 2736 hocz'sed
1121 2677 1265 2735 tales
1289 2692 1483 2735 omnes
1509 2693 1621 2736 non
1647 2693 1941 2750 possumus
1972 2694 2124 2746 esse3

679 2781 971 2853 Explenda
996 2784 1084 2839 est
1107 2784 1270 2840 annis
1299 2798 1430 2841 nam
1463 2798 1566 2842 sua
1592 2785 1791 2856 cuique
1819 2785 1927 2842 via.

605 2888 759 2945 Tunc
786 2889 1040 2945 maturus
1065 2888 1228 2947 homo
1256 2889 1447 2962 (quem
1473 2905 1587 2947 non
1612 2889 1884 2949 calidaria
1908 2891 2088 2962 vitae,

673 2993 859 3065 Atque
884 2993 1110 3052 scholae
1133 2992 1376 3066 faciant,
1399 3010 1663 3067 praecoce
1690 2999 1874 3054 mente
1889 3040 1904 3068 ‚
1938 2997 2139 3069 virum)

607 3101 674 3158 Se
700 3099 898 3171 prodet
920 3114 1088 3158 sensu
1103 3141 1119 3171 ,
1142 3100 1362 3172 qualem
1389 3101 1587 3159 domus
1613 3104 1774 3174 optat
1798 3103 2006 3162 habere
2021 3147 2035 3174 ,

677 3207 826 3263 Ante
850 3205 932 3263 rei
955 3221 1146 3264 curam
1161 3249 1176 3276 ,
1203 3205 1428 3278 publica
1449 3222 1597 3279 quae
1622 3208 1701 3265 sit
1729 3224 1849 3280 ope.

611 3311 935 3382 Fabricius,
959 3311 1186 3382 Curius,
1214 3311 1691 3386 Cincinnatusque
1716 3315 1993 3373 dederunt
2018 3359 2029 3374 .

675 3417 916 3476 Vivendi
939 3433 1188 3477 normam
1213 3417 1573 3491 simplicitate
1598 3420 1792 3479 rudem
1810 3463 1826 3491 ‚

610 3524 718 3582 Sed
741 3518 952 3597 virtute
971 3541 1216 3598 gravem.
1245 3525 1446 3583 Virtus
1471 3527 1670 3584 nativa
1693 3527 1961 3600 probatos
2020 3513 2025 3517 ¹

679 3631 833 3704 More
858 3630 996 3688 tulit
1019 3631 1196 3703 cives,
1223 3633 1388 3704 atque
1413 3633 1639 3706 potente
1666 3617 1849 3692 manu.

581 3885 600 3905 ⁸·
637 3879 704 3927 In
728 3880 1000 3940 patientia
1033 3889 1212 3929 vestra
1237 3881 1583 3940 possidebitis
1614 3885 1829 3934 animas
1859 3895 2080 3936 vestras,

1872 3965 2009 4023 (Luc.
2025 3964 2159 4026 XXI,
2178 3966 2277 4026 19.)
