2996 4935
719 603 763 648 Χ

716 715 1010 782 conferre
1039 731 1236 778 ausus
1267 733 1394 779 non
1423 711 1642 779 fuerit.
1668 713 2061 798 Quicumque
2084 713 2165 778 ab
2194 715 2601 782 imitatione

715 837 1052 916 recedunt,
1083 835 1272 902 facile
1301 839 1665 902 excurrunt
1686 836 1768 902 ad
1792 837 2085 904 insolita:
2116 840 2433 924 novisque
2464 860 2595 906 re-

717 963 834 1028 bus
873 959 1187 1040 infideles,
1234 963 1446 1028 critici
1477 962 1691 1046 potius
1712 961 1999 1028 evadunt
2028 961 2309 1040 molesti,
2354 983 2579 1048 quam

717 1085 1076 1172 probabiles
1099 1087 1469 1172 scriptores.

847 1211 1136 1278 Litterae
1185 1230 1414 1276 nomen
1460 1209 1703 1276 habent
1740 1209 1821 1274 ab
1864 1210 2271 1278 humanitate
2300 1211 2573 1278 studio-

717 1355 888 1415 rum,
917 1339 1071 1422 quia
1115 1337 1398 1402 cultores
1428 1355 1651 1402 earum
1696 1355 1925 1402 cavere
1978 1336 2213 1403 debent
2242 1337 2323 1402 ab
2362 1337 2577 1404 inhu-

715 1462 921 1526 manis
950 1461 1218 1540 litteris‚
1247 1467 1318 1528 et
1347 1463 1462 1547 (sit
1504 1459 1701 1526 verbo
1740 1460 1951 1548 venia)
1998 1463 2561 1530 transhumanis.

714 1585 960 1650 Harum
1008 1586 1468 1670 propagatione
1515 1603 1699 1668 seges
1749 1585 2071 1652 litteraria
2118 1603 2291 1652 nunc
2337 1585 2561 1652 obsita

719 1715 850 1787 est,
881 1712 1048 1775 etin
1078 1713 1336 1784 tantum
1383 1707 1663 1808 laborat,
1712 1712 1788 1775 ut
1834 1729 2029 1796 prope
2072 1710 2419 1777 absurdum
2452 1714 2563 1777 vi-

722 1833 954 1899 deatur
983 1831 1410 1898 Horatianum
1440 1831 1597 1898 illud

871 2069 1265 2086 ........
1264 2049 1276 2060 ·
1305 2028 2391 2102 ............·..sibiquivis

867 2154 1066 2228 Sperat
1101 2152 1281 2223 idem,
1317 2154 1484 2213 sudet
1520 2153 1786 2226 multum,
1825 2153 2149 2225 frustraque
2186 2153 2409 2214 laboret

871 2261 1057 2320 Ausus
1097 2260 1265 2319 idem.

724 2461 1204 2544 PraeceptoreS,
1225 2462 1476 2527 ratione
1506 2459 1877 2545 posthabita
1896 2463 2114 2528 rerum
2132 2461 2552 2541 imitabilium,

721 2586 1042 2647 venantur
1087 2583 1397 2648 miracula
1445 2578 1943 2664 sententiarum,
1977 2584 2187 2671 ibique
2228 2588 2551 2653 immorati

721 2705 1082 2771 doctrinam
1125 2710 1393 2785 eruunt,
1441 2726 1634 2791 quam
1666 2707 1745 2773 ab
1776 2706 2051 2791 ecstasi
2076 2709 2301 2795 dicunt
2346 2717 2552 2777 ecste-

717 2832 966 2907 ticam‚·
988 2834 1322 2915 artemque
1345 2833 1795 2919 proculcantes
1812 2824 2001 2921 (quae
2024 2833 2385 2901 habebatur
2405 2836 2549 2901 rhe-

685 2954 952 3042 *tot-ica)
1013 2956 1332 3023 instillant
1385 2957 1711 3042 discipulis
1772 2958 2107 3024 scientiam
2172 2958 2547 3025 mirabilium

722 3098 960 3145 rerum.
997 3080 1293 3167 ·Stupent
1352 3082 1450 3162 hi,
1506 3083 1903 3168 haerentque
1954 3081 2149 3150 defixi
2202 3088 2268 3148 in
2322 3084 2549 3149 lumine
2580 3076 2605 3081 ‘

720 3206 1100 3285 meridiano,
1153 3206 1320 3273 unde
1365 3211 1799 3275 caecutientes
1847 3210 2216 3294 plerumque
2256 3208 2546 3287 redeunt,

721 3332 1030 3396 aemulari
1079 3332 1490 3418 desperantes
1538 3352 1973 3417 quaecumque
2010 3334 2403 3419 exemplaria
2448 3320 2547 3399 su·-

721 3458 1069 3538 spexerint.
1105 3458 1209 3523 Sic
1241 3458 1442 3523 alitur
1471 3459 1589 3522 otii
1634 3456 1958 3540 superbia;
1992 3457 2343 3526 distinetur
2374 3460 2545 3526 utili-

721 3580 826 3641 tas
857 3579 1266 3643 imitationis:
1320 3578 1635 3663 quodque·
1675 3582 2077 3644 teterrimum
2134 3588 2265 3661 est,
2300 3584 2545 3667 ingenia

721 3699 1106 3765 discentium
1131 3701 1370 3768 abeunt
1399 3705 1464 3767 in
1497 3703 1773 3782 diversa,
1808 3704 2166 3790 celebrique
2192 3680 2543 3775 'scholarum
2664 3686 2669 3693 ¹

724 3822 914 3889 laude
937 3822 1338 3904 defraudata,
1367 3827 1540 3892 haud
1568 3848 1717 3895 raro
1740 3824 2053 3921 infestant
2077 3832 2542 3917 rempublicam

723 3967 1070 4032 eorumque
1109 3947 1400 4032 partibus
1433 3950 1725 4030 student,
1784 3954 1861 4019 de
1910 3956 2137 4041 quibus
2170 3958 2264 4021 ait
2294 3957 2541 4021 Tacitus
2638 3934 2643 3939 ¹
