2996 4935
755 576 826 629 80
1441 585 1501 631 Δ.
1522 584 1575 630 c.
1586 584 1925 631 11*th
1984 612 1991 625 .

749 758 906 793 xxxv.
1382 712 1973 837 uuscknmu.

883 872 1117 933 noscas
1151 868 1428 945 abigebat
1463 870 1841 948 importunas
1873 868 2063 945 regiis

885 959 1149 1036 napibus
1185 974 1531 1021 mensarum
1568 971 1743 1038 puer:
1786 962 2006 1020 invasit
2041 963 2328 1022 strenuus

886 1054 936 1111 Α
973 1050 1172 1125 lingua
1206 1048 1459 1110 criticus
1494 1082 1571 1093 —
1600 1050 1763 1111 Mitte
1799 1050 2037 1110 servitis
2074 1054 2291 1127 operae

889 1142 1134 1201 Curam:
1170 1140 1468 1201 debentur
1501 1140 1595 1199 llis
1630 1138 1957 1200 libantibus
1986 1142 2221 1213 omnia,

889 1231 1208 1304 Postquam
1243 1229 1472 1302 digesta
1508 1230 1631 1288 sint
1664 1234 1726 1289 et
1760 1233 1955 1288 terrae
1992 1230 2210 1289 dedita.

888 1320 1052 1379 Patet
1086 1319 1146 1377 in
1185 1319 1546 1377 immensum
1582 1318 1731 1377 ditio
1768 1332 2132 1377 muscarum.
2173 1319 2317 1379 Vale
2354 1349 2427 1362 ——

958 1408 1248 1468 Exclusus
1283 1406 1511 1467 mensis
1546 1411 1711 1468 certe
1747 1410 1975 1467 Romus
2014 1406 2109 1467 hic
2136 1413 2299 1469 erat.
2373 1408 2383 1415 “

887 1500 1220 1559 Μυεοατυω
1259 1511 1369 1572 par
1402 1499 1498 1556 est
1532 1497 1884 1556 criticorum
1920 1498 2214 1557 molestia.

749 1729 927 1771 xxxvl·
1239 1768 1245 1773 -
1361 1728 1532 1787 SUES
1569 1730 1659 1787 ET
1696 1728 1991 1793 TAURUS·

885 1854 1116 1911 Saarna
1151 1854 1302 1927 pasti
1337 1854 1599 1913 mortem
1636 1852 1990 1936 ignorabant
2026 1860 2167 1911 sues

887 1941 1158 2003 Breviter
1191 1942 1471 2004 futuram.
1510 1946 1741 2004 Taurus
1776 1942 2008 2003 distulit
2034 1942 2318 2013 ,it-ruens,

887 2032 1000 2092 Sed
1035 2047 1154 2093 non
1191 2034 1413 2098 avertit
1445 2035 1749 2097 excidium
1790 2033 2185 2111 pinguedinis.
2222 2066 2295 2079 --

875 2168 880 2171 -
955 2125 1149 2184 Furor
1183 2138 1505 2186 usurarum
1544 2128 1823 2201 properat
1860 2124 2017 2183 hunc
2054 2122 2127 2183 ad
2164 2119 2408 2184 exitum.

747 2354 948 2397 xxxvl·
1309 2350 1714 2414 uustuoNES
1750 2353 1839 2411 ET
1874 2352 2059 2421 EQUI.

887 2483 1009 2538 Duo
1045 2479 1416 2537 musimones
1456 2474 1860 2552 procedebant
1896 2475 2151 2534 sarcinis

887 2569 1174 2642 Utrinque
1214 2566 1458 2641 paribus
1493 2564 1661 2624 varie
1699 2565 1933 2624 formati
1973 2564 2131 2624 vitri.

887 2661 1193 2733 Equorum
1234 2656 1581 2734 imprudens
1618 2655 1878 2728 agitator
1912 2657 2263 2730 supervenit

888 2750 938 2807 Α
973 2748 1174 2819 tergo,
1211 2749 1274 2805 ot
1305 2745 1509 2805 studio
1544 2743 1839 2804 libertatis
1879 2743 1939 2803 in
1981 2745 2076 2805 via

845 2831 857 2836 “
889 2834 1161 2895 stimulat
1195 2837 1444 2895 onustos
1481 2847 1710 2903 merce,
1748 2835 1865 2907 qua
1902 2835 1992 2894 nil
2029 2835 2315 2908 fragilius.

889 2923 1185 2984 Gradatim
1225 2926 1436 2982 euntes
1474 2924 1615 2982 tunc
1652 2935 1865 2996 cepere
1901 2924 2136 2983 citatius

888 3012 1084 3072 Ferri:
1123 3013 1209 3072 sic
1247 3014 1306 3072 et
1345 3025 1669 3072 succussus
1704 3013 2284 3089 mercemperdidit.

957 3102 1014 3160 Si
1051 3101 1271 3162 vellent
1305 3092 1579 3162 homines
1616 3101 1935 3175 aliquando
1971 3104 2309 3162 subsistere
2426 3113 2443 3126 ‘

887 3194 1140 3252 Naturae
1178 3191 1498 3267 obsequi0‚
1538 3191 1721 3251 nitide
1759 3193 2025 3252 curando
2062 3205 2205 3260 sua,

892 3282 1115 3342 Alienis
1151 3285 1239 3353 et,
1277 3297 1487 3342 eorum
1525 3297 1677 3356 quae
1713 3284 1877 3353 sunt,
1919 3283 2290 3357 permittere,

889 3374 972 3442 IS,
1011 3371 1112 3444 qui
1148 3387 1455 3444 progressus
1492 3371 1737 3442 dicitur,
1778 3371 2025 3430 haberet
2063 3367 2310 3430 modum

890 3462 1051 3520 Inter
1084 3459 1354 3519 diversos
1391 3457 1698 3528 morihuS‚
1738 3463 1797 3520 et
1835 3473 2039 3528 sensu,
2078 3457 2205 3514 sine

889 3549 1169 3610 Virorum
1207 3547 1560 3620 offensione,
1600 3552 1663 3609 et
1696 3563 1902 3610 rerum
1940 3546 2170 3620 injuria.

751 3777 968 3822 xxxvul.
1370 3780 1557 3840 OVES
1600 3783 1690 3840 ET
1742 3779 1981 3842 LANIO.

887 3904 1078 3962 leam
1113 3903 1360 3964 macello
1394 3903 1719 3964 destinatae
1758 3903 2051 3981 plurimae

889 3992 1073 4064 OveS,
1109 3989 1238 4050 sinc
1274 4005 1455 4067 capro
1489 3991 1670 4052 duce:
1712 3995 2003 4054 mactator
2038 3988 2225 4050 adfuit

890 4082 972 4141 Ne
1007 4086 1310 4157 parceret,
1345 4083 1613 4144 balantes
1650 4096 1767 4140 una
1806 4082 1911 4140 sed
1950 4078 2152 4144 simul,

2021 4331 2056 4343 1-
