2996 4935
1900 432 1931 448 d

636 576 702 631 14
847 586 850 593 ·
1305 589 1353 630 Α.
1395 589 1445 633 c.
1484 588 1785 633 rsaauocu

750 698 1030 757 Abstrusa
1053 696 1286 767 studim,
1312 713 1384 757 ne
1408 698 1665 771 graveris
1694 698 1909 757 discere

749 804 992 861 Tandem
1015 803 1122 862 hoc
1146 802 1374 867 facilius
1389 846 1404 875 ,
1427 804 1691 865 minimis„
1708 804 1858 875 quod
1882 802 2171 863 beneficiis

746 906 983 968 Accedit
1004 909 1220 982 gratia,
1243 909 1358 995 nisi
1385 909 1558 969 dandi
1582 908 1775 983 gratia

748 1014 934 1085 Desit3
962 1016 1228 1089 majorum
1255 1016 1352 1075 sed
1379 1015 1557 1089 perire
1584 1014 1907 1076 memoriam

751 1122 1080 1194 Plerumque
1105 1123 1192 1180 est
1214 1122 1487 1192 breviter,
1513 1121 1634 1181 nisi
1662 1137 1843 1183 eomes
1866 1121 1945 1181 sit
1968 1120 2177 1195 gratia.

744 1229 836 1287 Sic
860 1245 1019 1288 omne
1045 1230 1304 1287 meritum
1329 1227 1621 1303 intercipit
1644 1228 1929 1302 superbia.

625 1466 752 1507 xxx.
1113 1450 1468 1509 RUSTIOUS
1504 1452 1599 1509 ΕΤ
1635 1450 1957 1510 VIOINIA.

745 1582 1064 1666 &Ausonum
1090 1592 1160 1650 ob
1187 1593 1411 1650 cantum
1437 1609 1651 1651 summo
1676 1609 1837 1649 mane
1862 1592 2291 1659 incommodum,

743 1698 984 1757 Dolebat
1006 1698 1317 1770 expergisci
1346 1698 1528 1757 omnis
1557 1698 1797 1768 vicinia,

742 1803 827 1860 Ea
849 1820 988 1875 quae
1020 1808 1237 1862 noctem
1266 1804 1601 1876 produceret
1624 1784 1980 1875 specfficulis.

741 1942 807 1951 —
831 1908 938 1965 Est
957 1909 1312 1982 gallicinium
1341 1914 1494 1978 (voce
1520 1909 1720 1967 retulit
1744 1910 2015 1982 rusticus)

739 2016 964 2087 Auspex
989 2015 1137 2087 diei,
1160 2016 1252 2073 cui
1278 2016 1571 2074 detrahere
1597 2014 1869 2073 maximas

741 2124 855 2181 Vos
881 2137 993 2181 non
1017 2122 1227 2180 timetis
1252 2123 1422 2182 horas
1449 2138 1644 2181 somno
1671 2120 1863 2179 dediti.

701 2258 706 2263 ·
739 2229 913 2288 Vobis
939 2230 1074 2287 sunt
1097 2228 1238 2301 galli
1264 2228 1439 2299 bubo,
1465 2227 1640 2297 strix,
1664 2229 1725 2285 et
1747 2229 1955 2287 noctua

741 2335 978 2407 Tempus
1003 2334 1242 2391 theatris
1267 2335 1673 2408 praeparantes
1698 2335 1756 2391 et
1781 2334 1956 2402 viam3

739 2439 818 2498 Ut
840 2438 1135 2512 lacrymosi
1159 2437 1402 2496 redeatis
1427 2440 1554 2511 post
1580 2439 1835 2497 dramata
2063 2517 2069 2527 ι

739 2544 1036 2614 Anxifera,
1060 2547 1119 2601 et
1143 2544 1376 2603 choreas
1396 2543 1799 2602 interficientes
1826 2545 2007 2603 modis

741 2653 971 2710 Omnem
986 2650 1283 2732 pudorem,
1309 2652 1539 2710 foveant
1562 2653 1629 2708 ut
1656 2651 1925 2739 libidines

737 2759 869 2816 Cum
898 2758 1018 2816 vice
1044 2773 1364 2828 coenarum,
1396 2773 1623 2828 venere,
1652 2758 1807 2830 vinc,
1836 2761 1895 2818 et
1920 2759 2059 2818 alea.

737 2865 843 2922 His
866 2880 932 2922 ex
957 2863 1247 2922 elementis
1273 2880 1414 2936 quos
1441 2863 1623 2939 civeS,
1648 2879 1789 2937 quos
1814 2865 2026 2924 milites

735 2971 982 3031 Habebit
1003 2988 1092 3037 ea,
1123 2986 1291 3043 quam
1319 2971 1681 3030 conclamatis
1708 2971 2023 3043 publicam·

735 3077 908 3136 Rem?
935 3077 1286 3142 somnolenta
1309 3077 1525 3151 patriae
1549 3079 1739 3151 labeS‚
1764 3081 1822 3137 et
1846 3080 2041 3138 domus
2086 3155 2089 3164 Ι

734 3186 816 3243 Ex
840 3184 955 3245 otio
981 3185 1334 3258 constipante
1358 3186 1507 3259 quod
1533 3186 1697 3245 adest
1722 3185 1983 3258 pessimi,
2100 3162 2114 3187 ’

600 3327 621 3373 ,'
738 3292 813 3349 Et
837 3290 1144 3350 distinente
1171 3308 1324 3365 spem
1350 3293 1637 3351 meliorum
1664 3295 1989 3364 temporum.
2018 3323 2087 3332 —

805 3398 1031 3471 Apage!
1059 3399 1305 3456 rusticus
1329 3399 1513 3459 oravit
1536 3399 1603 3454 ut
1628 3397 1775 3454 alter
1799 3395 2033 3453 Tullius,

613 3620 791 3694 xxxij
1148 3634 1414 3694 Asmus
1456 3635 1559 3692 AD
1595 3633 1887 3692 MOLAM.

737 3778 1010 3836 Occnus1s
1037 3766 1218 3838 oculis
1244 3778 1440 3838 asinus
1466 3779 1741 3838 versando
1768 3744 1865 3836 din

733 3883 938 3942 Melam
962 3883 1191 3956 pinguis
1216 3885 1321 3944 elei
1337 3929 1352 3956 ‚
1377 3885 1562 3944 sensit
1584 3901 1641 3944 se
1672 3884 1953 3958 vertigine
