2996 4935
2245 651 2281 696 v

447 751 527 818 ad
574 749 1028 837 rempublicam
1077 748 1348 824 studiosi
1401 749 1791 825 novitatum,
1826 747 2113 814 fautores
2146 754 2285 834 opi-
2387 746 2401 754 ”

447 881 736 953 nionum,
790 877 1052 942 somniis
1099 873 1326 951 dediti,
1375 864 1646 957 quorum
1698 891 1893 958 opera
1922 895 2046 940 non
2079 876 2283 940 solum

448 1004 514 1068 in
545 1002 1167 1068 administrationem
1217 999 1657 1082 negotiorum,
1705 1017 1927 1062 verum
1976 1001 2169 1064 etiam
2222 1003 2285 1064 in

449 1124 980 1211 significationem
1013 1125 1320 1190 scientiae
1365 1142 1478 1207 per
1520 1122 1774 1188 litteras
1802 1122 2015 1189 infusa
2045 1129 2147 1188 est
2178 1145 2290 1208 pe-

448 1251 817 1334 regrinitas.
869 1249 1277 1314 Phantasma
1337 1249 1844 1348 grammaticum⁹
1895 1250 2157 1332 irrepsit
2218 1252 2285 1313 in

451 1375 662 1448 locum
711 1373 1026 1457 politioris
1081 1373 1531 1448 humanitatiS,
1590 1391 1935 1456 omnesque
1990 1375 2289 1458 ingenio-

452 1518 596 1563 rum
641 1498 956 1582 igniculos
985 1517 1044 1562 -a
1096 1503 1332 1562 natura
1378 1497 1598 1574 dame,
1632 1499 2038 1580 arrogantia,
2076 1503 2145 1562 et
2186 1487 2292 1564 sess-

454 1624 661 1706 gnitia
689 1624 858 1708 pari,
892 1617 1160 1688 molitur
1190 1624 1599 1706 extinguere.

585 1747 784 1814 Stoici
829 1745 1200 1812 tribuebant
1241 1748 1448 1831 poetis
1494 1749 1985 1814 auctoritatem:
2038 1751 2143 1832 qui
2190 1754 2294 1814 ta-

453 1891 596 1938 men
625 1869 1346 1970 reipublicaeplatonis
1375 1872 1599 1936 exules
1640 1870 2059 1938 habebantur.
2098 1873 2291 1938 Aliud
2354 1878 2362 1890 “

455 1998 620 2061 enim
653 2001 824 2072 erat,
857 1999 1158 2072 numeris,
1183 1996 1350 2078 quod
1367 1995 1476 2080 jus
1506 2001 1680 2062 esset
1711 2016 2057 2080 exponere,
2087 1998 2165 2062 de
2196 1997 2295 2062 of-

456 2118 617 2185 ficiis
662 2119 1004 2186 admonere
1041 2139 1188 2183 cum
1237 2123 1617 2184 ornamento
1650 2121 1969 2186 virtutum
2004 2111 2301 2206 singula-

457 2245 656 2321 rium,
687 2242 864 2308 aliud
895 2243 1142 2308 versari
1176 2244 1241 2307 in
1273 2245 1568 2327 gestione
1599 2261 1813 2308 rerum
1844 2237 2296 2324 communium,

451 2368 778 2453 justitiam
807 2353 1008 2446 tueri,
1041 2387 1310 2452 eamque
1342 2373 1480 2432 tum
1530 2367 1811 2453 publica,
1861 2373 2001 2434 tum
2041 2373 2299 2456 privata

459 2493 744 2559 utilitate
784 2512 1188 2559 conservare.
1233 2491 1639 2559 Amabantur
1670 2494 1965 2561 rhetores
2010 2494 2091 2559 ab
2126 2502 2267 2561 arte
2283 2548 2298 2575 ,

461 2616 974 2684 aestimabantur
1017 2638 1058 2682 a
1097 2618 1399 2683 doctrina
1455 2621 1863 2702 grammatici
1920 2619 2093 2685 haud
2151 2641 2299 2691 raro

447 2744 712 2807 scutica
743 2739 1088 2809 metuendi.
1134 2742 1452 2825 Utrinque
1483 2742 1700 2809 stabat
1746 2746 2131 2822 auctoritaS,
2181 2748 2301 2809 mi-
2335 2836 2353 2843 p

462 2872 604 2932 nori
636 2866 802 2950 apud
836 2867 1134 2931 rhetores
1165 2871 1572 2933 austeritate.
1820 2858 1823 2861 ⁴

592 2989 1054 3065 Quintilianum
1077 2993 1220 3074 quis
1247 2994 1511 3077 ignorat
1538 2994 1717 3077 quali
1746 2979 2030 3072 solertia,
2056 2998 2300 3077 quanta

463 3114 760 3181 doctriua
787 3114 1174 3199 praeditum,
1208 3135 1336 3198 qua
1363 3118 1729 3201 cognitione
1755 3123 2027 3183 naturae
2052 3120 2117 3182 in
2142 3117 2301 3183 ado-

462 3238 848 3305 lescentibus
879 3238 1241 3304 erudiendis
1287 3245 1481 3325 atque
1522 3240 1929 3307 excolendis?
1962 3241 2135 3305 Idem
2168 3244 2301 3328 ipse

467 3365 853 3429 sententiam
875 3363 952 3429 de
977 3364 1252 3428 alumnis
1276 3334 1643 3450 disciplinae
1668 3386 1821 3431 suae
1843 3368 1911 3430 in
1936 3366 2094 3432 haec
2111 3366 2305 3433 verba

465 3488 854 3585 proferebat.
911 3490 1096 3555 «Illa
1137 3492 1202 3555 in
1251 3493 1463 3575 pueris
1514 3496 1748 3559 natura
1796 3492 2124 3557 minimum
2173 3493 2307 3578 spei

475 3612 780 3677 «dederit
832 3618 896 3677 in
951 3633 1078 3697 qua
1122 3616 1448 3699 ingenium
1487 3615 1731 3701 judicio
1781 3619 2294 3701 praesumitur.»

468 3738 650 3821 (Inst.
669 3737 750 3803 II.
769 3737 860 3822 4.)
885 3739 1176 3803 Praecox
1199 3741 1435 3805 etenim
1449 3740 1761 3824 judicium
1787 3742 1989 3809 officit
2010 3745 2301 3829 ingenim

470 3862 670 3926 ferme
693 3866 768 3926 ut
793 3860 1016 3925 umbra
1031 3862 1308 3948 juniperi
1342 3863 1507 3930 solet
1530 3886 1667 3931 esse
1700 3866 2031 3935 recubanti
2068 3870 2304 3953 gravis

605 3988 788 4051 Nunc
823 4008 996 4064 vere,
1031 3989 1287 4053 inversa
1320 3993 1591 4068 ratione,
1627 3994 1723 4057 vis
1746 3993 1969 4077 judicii
2002 3995 2064 4057 in
2098 3994 2309 4077 pueris
