<?xml version="1.0" encoding="UTF-8"?>
<!DOCTYPE html PUBLIC "-//W3C//DTD XHTML 1.0 Transitional//EN"
    "http://www.w3.org/TR/xhtml1/DTD/xhtml1-transitional.dtd">
<html xmlns="http://www.w3.org/1999/xhtml" xml:lang="en" lang="en">
 <head>
  <title>
</title>
<meta http-equiv="Content-Type" content="text/html;charset=utf-8" />
  <meta name='ocr-system' content='tesseract 3.04.00' />
  <meta name='ocr-capabilities' content='ocr_page ocr_carea ocr_par ocr_line ocrx_word'/>
</head>
<body>
  <div class='ocr_page' id='page_1' title='image "./alois00ferrgoog_0093.png"; bbox 0 0 2996 4935; ppageno 0'>
   <div class='ocr_carea' id='block_1_1' title="bbox 2293 618 2359 659">
    <p class='ocr_par' dir='ltr' id='par_1_1' title="bbox 2293 618 2359 659">
     <span class='ocr_line' id='line_1_1' title="bbox 2293 618 2359 659; baseline 0 0"><span class='ocrx_word' id='word_1_1' title='bbox 2293 618 2359 659; x_wconf 74' lang='lat' dir='ltr'>X!</span> 
     </span>
    </p>
   </div>
   <div class='ocr_carea' id='block_1_2' title="bbox 503 704 2467 2198">
    <p class='ocr_par' dir='ltr' id='par_1_2' title="bbox 524 704 2467 1065">
     <span class='ocr_line' id='line_1_2' title="bbox 524 704 2467 819; baseline 0.001 -25"><span class='ocrx_word' id='word_1_2' title='bbox 524 730 714 816; x_wconf 85' lang='lat' dir='ltr'>(Anu.</span> <span class='ocrx_word' id='word_1_3' title='bbox 749 730 927 795; x_wconf 90' lang='lat' dir='ltr'>XVI.</span> <span class='ocrx_word' id='word_1_4' title='bbox 961 730 1074 817; x_wconf 77' lang='lat'>22)</span> <span class='ocrx_word' id='word_1_5' title='bbox 1113 725 1148 788; x_wconf 56' lang='grc' dir='ltr'><strong><em>ἀ</em></strong></span> <span class='ocrx_word' id='word_1_6' title='bbox 1175 736 1252 796; x_wconf 75' lang='lat' dir='ltr'>uc</span> <span class='ocrx_word' id='word_1_7' title='bbox 1271 728 1665 819; x_wconf 18' lang='lat' dir='ltr'>*imperium</span> <span class='ocrx_word' id='word_1_8' title='bbox 1698 733 2037 805; x_wconf 78' lang='lat' dir='ltr'>evertant,</span> <span class='ocrx_word' id='word_1_9' title='bbox 2074 728 2361 795; x_wconf 69' lang='lat' dir='ltr'>liberta-</span> <span class='ocrx_word' id='word_1_10' title='bbox 2462 704 2467 707; x_wconf 30' lang='lat'>¹</span> 
     </span>
     <span class='ocr_line' id='line_1_3' title="bbox 527 846 2359 950; baseline -0.001 -30"><span class='ocrx_word' id='word_1_11' title='bbox 527 882 558 911; x_wconf 89' lang='lat'>«</span> <span class='ocrx_word' id='word_1_12' title='bbox 583 860 718 921; x_wconf 79' lang='lat' dir='ltr'>tem</span> <span class='ocrx_word' id='word_1_13' title='bbox 734 854 1174 940; x_wconf 78' lang='lat' dir='ltr'>praeferunt.</span> <span class='ocrx_word' id='word_1_14' title='bbox 1201 852 1284 920; x_wconf 82' lang='lat' dir='ltr'>Si</span> <span class='ocrx_word' id='word_1_15' title='bbox 1299 854 1692 950; x_wconf 72' lang='lat' dir='ltr'>everterint,</span> <span class='ocrx_word' id='word_1_16' title='bbox 1720 846 2107 921; x_wconf 73' lang='lat' dir='ltr'>libertatem</span> <span class='ocrx_word' id='word_1_17' title='bbox 2128 854 2359 939; x_wconf 76' lang='lat' dir='ltr'>ipsam</span> 
     </span>
     <span class='ocr_line' id='line_1_4' title="bbox 529 981 1170 1065; baseline -0.009 -20"><span class='ocrx_word' id='word_1_18' title='bbox 529 1002 564 1039; x_wconf 82' lang='grc'><strong>«</strong></span> <span class='ocrx_word' id='word_1_19' title='bbox 585 981 1116 1065; x_wconf 62' lang='lat' dir='ltr'>ayyrediunturi</span> <span class='ocrx_word' id='word_1_20' title='bbox 1136 1006 1170 1039; x_wconf 88' lang='grc'><strong><em>»</em></strong></span> 
     </span>
    </p>

    <p class='ocr_par' dir='ltr' id='par_1_3' title="bbox 503 1101 2359 2198">
     <span class='ocr_line' id='line_1_5' title="bbox 647 1101 2351 1189; baseline -0.001 -18"><span class='ocrx_word' id='word_1_21' title='bbox 647 1106 940 1189; x_wconf 85' lang='lat' dir='ltr'>Migrant</span> <span class='ocrx_word' id='word_1_22' title='bbox 983 1104 1094 1169; x_wconf 90' lang='lat' dir='ltr'>alii</span> <span class='ocrx_word' id='word_1_23' title='bbox 1131 1104 1221 1170; x_wconf 85' lang='lat' dir='ltr'>¹ad</span> <span class='ocrx_word' id='word_1_24' title='bbox 1274 1101 1743 1189; x_wconf 72' lang='lat' dir='ltr'>ephemerida8‚</span> <span class='ocrx_word' id='word_1_25' title='bbox 1792 1104 1977 1187; x_wconf 83' lang='lat' dir='ltr'>quasi</span> <span class='ocrx_word' id='word_1_26' title='bbox 2022 1102 2105 1169; x_wconf 84' lang='lat' dir='ltr'>ad</span> <span class='ocrx_word' id='word_1_27' title='bbox 2158 1104 2351 1169; x_wconf 57' lang='lat' dir='ltr'>thea*</span> 
     </span>
     <span class='ocr_line' id='line_1_6' title="bbox 515 1226 2359 1311; baseline 0 -17"><span class='ocrx_word' id='word_1_28' title='bbox 515 1236 690 1294; x_wconf 87' lang='lat' dir='ltr'>trum</span> <span class='ocrx_word' id='word_1_29' title='bbox 747 1229 1134 1295; x_wconf 80' lang='lat' dir='ltr'>diurnalium</span> <span class='ocrx_word' id='word_1_30' title='bbox 1184 1228 1754 1304; x_wconf 81' lang='lat' dir='ltr'><strong>exercitationum,</strong></span> <span class='ocrx_word' id='word_1_31' title='bbox 1804 1226 2015 1311; x_wconf 84' lang='lat' dir='ltr'>ibique</span> <span class='ocrx_word' id='word_1_32' title='bbox 2044 1232 2359 1295; x_wconf 83' lang='lat' dir='ltr'>enervant</span> 
     </span>
     <span class='ocr_line' id='line_1_7' title="bbox 513 1351 2357 1439; baseline -0.001 -21"><span class='ocrx_word' id='word_1_33' title='bbox 513 1356 686 1419; x_wconf 86' lang='lat' dir='ltr'>vires</span> <span class='ocrx_word' id='word_1_34' title='bbox 729 1352 1104 1438; x_wconf 88' lang='lat' dir='ltr'>quotidiana</span> <span class='ocrx_word' id='word_1_35' title='bbox 1137 1352 1543 1438; x_wconf 70' lang='lat' dir='ltr'>garrulitate.</span> <span class='ocrx_word' id='word_1_36' title='bbox 1593 1352 1815 1418; x_wconf 85' lang='lat' dir='ltr'>Abusu</span> <span class='ocrx_word' id='word_1_37' title='bbox 1860 1356 2167 1438; x_wconf 82' lang='lat' dir='ltr'><strong>typorum</strong></span> <span class='ocrx_word' id='word_1_38' title='bbox 2210 1351 2357 1439; x_wconf 86' lang='lat' dir='ltr'>(sub</span> 
     </span>
     <span class='ocr_line' id='line_1_8' title="bbox 503 1460 2351 1564; baseline 0 -21"><span class='ocrx_word' id='word_1_39' title='bbox 503 1460 828 1545; x_wconf 82' lang='lat' dir='ltr'>libertatis</span> <span class='ocrx_word' id='word_1_40' title='bbox 859 1478 1136 1564; x_wconf 88' lang='lat' dir='ltr'>nomine)</span> <span class='ocrx_word' id='word_1_41' title='bbox 1160 1480 1375 1544; x_wconf 86' lang='lat' dir='ltr'>omnia</span> <span class='ocrx_word' id='word_1_42' title='bbox 1403 1476 1835 1555; x_wconf 79' lang='lat' dir='ltr'>confundunt;</span> <span class='ocrx_word' id='word_1_43' title='bbox 1866 1482 1935 1543; x_wconf 87' lang='lat' dir='ltr'>et</span> <span class='ocrx_word' id='word_1_44' title='bbox 1964 1475 2351 1543; x_wconf 84' lang='lat' dir='ltr'>dissemina-</span> 
     </span>
     <span class='ocr_line' id='line_1_9' title="bbox 509 1600 2353 1690; baseline 0 -21"><span class='ocrx_word' id='word_1_45' title='bbox 509 1605 596 1669; x_wconf 83' lang='lat' dir='ltr'>tis</span> <span class='ocrx_word' id='word_1_46' title='bbox 643 1606 1008 1689; x_wconf 81' lang='lat' dir='ltr'>opinionum</span> <span class='ocrx_word' id='word_1_47' title='bbox 1055 1600 1446 1690; x_wconf 71' lang='lat' dir='ltr'>oonjeoturis</span> <span class='ocrx_word' id='word_1_48' title='bbox 1489 1601 1769 1669; x_wconf 87' lang='lat' dir='ltr'>tendunt</span> <span class='ocrx_word' id='word_1_49' title='bbox 1814 1600 2051 1667; x_wconf 75' lang='lat' dir='ltr'>elidere</span> <span class='ocrx_word' id='word_1_50' title='bbox 2102 1604 2353 1669; x_wconf 84' lang='lat' dir='ltr'>verita-</span> 
     </span>
     <span class='ocr_line' id='line_1_10' title="bbox 508 1696 2345 1814; baseline -0.001 -20"><span class='ocrx_word' id='word_1_51' title='bbox 508 1734 660 1794; x_wconf 58' lang='lat' dir='ltr'>tem,</span> <span class='ocrx_word' id='word_1_52' title='bbox 693 1728 812 1803; x_wconf 82' lang='lat' dir='ltr'>Qui</span> <span class='ocrx_word' id='word_1_53' title='bbox 845 1696 1205 1795; x_wconf 83' lang='lat' dir='ltr'>Barettium</span> <span class='ocrx_word' id='word_1_54' title='bbox 1237 1746 1562 1814; x_wconf 87' lang='lat' dir='ltr'>nunquam</span> <span class='ocrx_word' id='word_1_55' title='bbox 1593 1727 1961 1793; x_wconf 77' lang='lat' dir='ltr'>adulantem</span> <span class='ocrx_word' id='word_1_56' title='bbox 2004 1726 2309 1813; x_wconf 77' lang='lat' dir='ltr'>legerunt</span> <span class='ocrx_word' id='word_1_57' title='bbox 2328 1777 2345 1805; x_wconf 94' lang='lat'>,</span> 
     </span>
     <span class='ocr_line' id='line_1_11' title="bbox 505 1850 2339 1929; baseline 0.001 -14"><span class='ocrx_word' id='word_1_58' title='bbox 505 1854 754 1917; x_wconf 81' lang='lat' dir='ltr'>scutica</span> <span class='ocrx_word' id='word_1_59' title='bbox 799 1852 1122 1918; x_wconf 86' lang='lat' dir='ltr'>ludentem</span> <span class='ocrx_word' id='word_1_60' title='bbox 1169 1851 1543 1929; x_wconf 77' lang='lat' dir='ltr'>laudarunt,</span> <span class='ocrx_word' id='word_1_61' title='bbox 1578 1850 1848 1917; x_wconf 89' lang='lat' dir='ltr'>eundem</span> <span class='ocrx_word' id='word_1_62' title='bbox 1887 1850 2111 1916; x_wconf 77' lang='lat' dir='ltr'>audire</span> <span class='ocrx_word' id='word_1_63' title='bbox 2139 1852 2339 1917; x_wconf 87' lang='lat' dir='ltr'>etiam</span> 
     </span>
     <span class='ocr_line' id='line_1_12' title="bbox 506 1948 2347 2060; baseline 0 -19"><span class='ocrx_word' id='word_1_64' title='bbox 506 1979 797 2060; x_wconf 80' lang='lat' dir='ltr'>possunt,</span> <span class='ocrx_word' id='word_1_65' title='bbox 839 1976 981 2040; x_wconf 87' lang='lat' dir='ltr'>inde</span> <span class='ocrx_word' id='word_1_66' title='bbox 1011 1996 1052 2041; x_wconf 92' lang='lat' dir='ltr'>a</span> <span class='ocrx_word' id='word_1_67' title='bbox 1081 1975 1448 2052; x_wconf 87' lang='lat' dir='ltr'>Britannia,</span> <span class='ocrx_word' id='word_1_68' title='bbox 1481 1994 1673 2059; x_wconf 88' lang='lat' dir='ltr'>super</span> <span class='ocrx_word' id='word_1_69' title='bbox 1701 1976 1901 2055; x_wconf 70' lang='lat' dir='ltr'>haece</span> <span class='ocrx_word' id='word_1_70' title='bbox 1946 1948 2347 2053; x_wconf 74' lang='lat' dir='ltr'>litterarum,</span> 
     </span>
     <span class='ocr_line' id='line_1_13' title="bbox 516 2096 1851 2198; baseline -0.004 -35"><span class='ocrx_word' id='word_1_71' title='bbox 516 2118 874 2198; x_wconf 37' lang='lat' dir='ltr'>aelmorum</span> <span class='ocrx_word' id='word_1_72' title='bbox 904 2096 1168 2165; x_wconf 84' lang='lat' dir='ltr'>fortuna</span> <span class='ocrx_word' id='word_1_73' title='bbox 1197 2100 1657 2165; x_wconf 81' lang='lat' dir='ltr'>vaticinantem</span> <span class='ocrx_word' id='word_1_74' title='bbox 1675 2096 1736 2161; x_wconf 84' lang='lat'>*.</span> <span class='ocrx_word' id='word_1_75' title='bbox 1844 2150 1851 2158; x_wconf 93' lang='lat'>.</span> 
     </span>
    </p>
   </div>
   <div class='ocr_carea' id='block_1_3' title="bbox 469 2366 2419 4042">
    <p class='ocr_par' dir='ltr' id='par_1_4' title="bbox 511 2366 2347 2612">
     <span class='ocr_line' id='line_1_14' title="bbox 606 2366 2347 2449; baseline -0.001 -16"><span class='ocrx_word' id='word_1_76' title='bbox 606 2386 626 2407; x_wconf 64' lang='lat'>⁸</span> <span class='ocrx_word' id='word_1_77' title='bbox 659 2366 870 2435; x_wconf 66' lang='lat' dir='ltr'>Bareas.</span> <span class='ocrx_word' id='word_1_78' title='bbox 901 2382 982 2435; x_wconf 77' lang='lat' dir='ltr'>ol·</span> <span class='ocrx_word' id='word_1_79' title='bbox 1000 2384 1210 2446; x_wconf 67' lang='lat' dir='ltr'>nannai,</span> <span class='ocrx_word' id='word_1_80' title='bbox 1233 2401 1264 2435; x_wconf 87' lang='lat'><em>0</em></span> <span class='ocrx_word' id='word_1_81' title='bbox 1287 2384 1362 2434; x_wconf 75' lang='lat' dir='ltr'>sia</span> <span class='ocrx_word' id='word_1_82' title='bbox 1381 2384 1655 2434; x_wconf 78' lang='lat' dir='ltr'>Relazione</span> <span class='ocrx_word' id='word_1_83' title='bbox 1675 2383 1809 2449; x_wconf 83' lang='lat' dir='ltr'>degli</span> <span class='ocrx_word' id='word_1_84' title='bbox 1828 2383 1906 2434; x_wconf 76' lang='lat' dir='ltr'>usi</span> <span class='ocrx_word' id='word_1_85' title='bbox 1938 2399 1965 2439; x_wconf 75' lang='lat' dir='ltr'>e</span> <span class='ocrx_word' id='word_1_86' title='bbox 1986 2384 2195 2433; x_wconf 70' lang='lat' dir='ltr'>oostumi</span> <span class='ocrx_word' id='word_1_87' title='bbox 2229 2380 2347 2433; x_wconf 80' lang='lat'><strong>‹1⁹1-</strong></span> 
     </span>
     <span class='ocr_line' id='line_1_15' title="bbox 511 2462 2347 2531; baseline 0 -15"><span class='ocrx_word' id='word_1_88' title='bbox 511 2464 632 2516; x_wconf 77' lang='lat' dir='ltr'>talia</span> <span class='ocrx_word' id='word_1_89' title='bbox 663 2464 849 2531; x_wconf 82' lang='lat' dir='ltr'>(Opere</span> <span class='ocrx_word' id='word_1_90' title='bbox 879 2466 1044 2516; x_wconf 86' lang='lat' dir='ltr'>Tomo</span> <span class='ocrx_word' id='word_1_91' title='bbox 1076 2466 1162 2517; x_wconf 87' lang='lat' dir='ltr'>vl.</span> <span class='ocrx_word' id='word_1_92' title='bbox 1193 2466 1382 2516; x_wconf 81' lang='lat' dir='ltr'>Milano</span> <span class='ocrx_word' id='word_1_93' title='bbox 1416 2466 1553 2517; x_wconf 85' lang='grc'><strong>1818.</strong></span> <span class='ocrx_word' id='word_1_94' title='bbox 1584 2465 1708 2530; x_wconf 83' lang='lat' dir='ltr'>Cap&#39;.</span> <span class='ocrx_word' id='word_1_95' title='bbox 1738 2462 1825 2516; x_wconf 85' lang='lat' dir='ltr'>IX.</span> <span class='ocrx_word' id='word_1_96' title='bbox 1847 2491 1909 2502; x_wconf 85' lang='lat'>-</span> <span class='ocrx_word' id='word_1_97' title='bbox 1930 2464 2185 2530; x_wconf 76' lang='lat' dir='ltr'>Vantaggi</span> <span class='ocrx_word' id='word_1_98' title='bbox 2214 2464 2347 2517; x_wconf 74' lang='lat' dir='ltr'>della</span> 
     </span>
     <span class='ocr_line' id='line_1_16' title="bbox 514 2543 1498 2612; baseline 0.004 -19"><span class='ocrx_word' id='word_1_99' title='bbox 514 2543 694 2594; x_wconf 78' lang='lat' dir='ltr'>liberta</span> <span class='ocrx_word' id='word_1_100' title='bbox 723 2560 752 2594; x_wconf 87' lang='lat' dir='ltr'>e</span> <span class='ocrx_word' id='word_1_101' title='bbox 781 2545 914 2595; x_wconf 87' lang='lat' dir='ltr'>della</span> <span class='ocrx_word' id='word_1_102' title='bbox 945 2545 1190 2596; x_wconf 79' lang='lat' dir='ltr'>schiavitu</span> <span class='ocrx_word' id='word_1_103' title='bbox 1225 2562 1338 2612; x_wconf 83' lang='lat' dir='ltr'>pag.</span> <span class='ocrx_word' id='word_1_104' title='bbox 1371 2547 1498 2609; x_wconf 89' lang='grc'><strong>103.)</strong></span> 
     </span>
    </p>

    <p class='ocr_par' dir='ltr' id='par_1_5' title="bbox 469 2622 2419 4042">
     <span class='ocr_line' id='line_1_17' title="bbox 605 2622 2346 2692; baseline 0.003 -21"><span class='ocrx_word' id='word_1_105' title='bbox 605 2641 633 2670; x_wconf 83' lang='grc'><strong>«</strong></span> <span class='ocrx_word' id='word_1_106' title='bbox 763 2622 826 2675; x_wconf 84' lang='lat' dir='ltr'>Se</span> <span class='ocrx_word' id='word_1_107' title='bbox 861 2625 930 2686; x_wconf 83' lang='lat' dir='ltr'>(la</span> <span class='ocrx_word' id='word_1_108' title='bbox 961 2630 1186 2691; x_wconf 78' lang='lat' dir='ltr'>censura)</span> <span class='ocrx_word' id='word_1_109' title='bbox 1222 2627 1264 2676; x_wconf 80' lang='lat' dir='ltr'>si</span> <span class='ocrx_word' id='word_1_110' title='bbox 1297 2625 1486 2676; x_wconf 74' lang='lat' dir='ltr'>volesne</span> <span class='ocrx_word' id='word_1_111' title='bbox 1518 2625 1801 2676; x_wconf 84' lang='lat' dir='ltr'>introdurre</span> <span class='ocrx_word' id='word_1_112' title='bbox 1825 2625 1962 2692; x_wconf 37' lang='lat' dir='ltr'>,nella</span> <span class='ocrx_word' id='word_1_113' title='bbox 1992 2626 2346 2677; x_wconf 76' lang='lat' dir='ltr'>Gran&#39;Bretta-</span> 
     </span>
     <span class='ocr_line' id='line_1_18' title="bbox 510 2704 2345 2771; baseline 0.001 -17"><span class='ocrx_word' id='word_1_114' title='bbox 510 2719 633 2768; x_wconf 83' lang='lat' dir='ltr'>gna,</span> <span class='ocrx_word' id='word_1_115' title='bbox 662 2705 784 2754; x_wconf 86' lang='lat' dir='ltr'>niun</span> <span class='ocrx_word' id='word_1_116' title='bbox 813 2705 1000 2770; x_wconf 79' lang='lat' dir='ltr'>inglese</span> <span class='ocrx_word' id='word_1_117' title='bbox 1030 2707 1276 2756; x_wconf 73' lang='lat' dir='ltr'>vox-rebbe</span> <span class='ocrx_word' id='word_1_118' title='bbox 1311 2707 1741 2771; x_wconf 73' lang='lat' dir='ltr'>assoggettarvisi:</span> <span class='ocrx_word' id='word_1_119' title='bbox 1774 2721 1858 2756; x_wconf 85' lang='lat' dir='ltr'>ma</span> <span class='ocrx_word' id='word_1_120' title='bbox 1893 2704 1929 2756; x_wconf 92' lang='lat' dir='ltr'>il</span> <span class='ocrx_word' id='word_1_121' title='bbox 1970 2705 2120 2770; x_wconf 83' lang='lat' dir='ltr'>lungo</span> <span class='ocrx_word' id='word_1_122' title='bbox 2158 2721 2247 2758; x_wconf 74' lang='lat' dir='ltr'>uso</span> <span class='ocrx_word' id='word_1_123' title='bbox 2274 2705 2345 2756; x_wconf 84' lang='lat' dir='ltr'>ha</span> 
     </span>
     <span class='ocr_line' id='line_1_19' title="bbox 512 2784 2336 2850; baseline 0.002 -17"><span class='ocrx_word' id='word_1_124' title='bbox 512 2785 778 2834; x_wconf 72' lang='lat' dir='ltr'>assuefatto</span> <span class='ocrx_word' id='word_1_125' title='bbox 807 2784 878 2850; x_wconf 86' lang='lat' dir='ltr'>gl&#39;</span> <span class='ocrx_word' id='word_1_126' title='bbox 896 2784 1087 2835; x_wconf 85' lang='lat' dir='ltr'>Italiani</span> <span class='ocrx_word' id='word_1_127' title='bbox 1121 2785 1169 2834; x_wconf 86' lang='lat' dir='ltr'>a&#39;</span> <span class='ocrx_word' id='word_1_128' title='bbox 1187 2786 1295 2836; x_wconf 83' lang='lat' dir='ltr'>suoi</span> <span class='ocrx_word' id='word_1_129' title='bbox 1329 2786 1531 2836; x_wconf 79' lang='lat' dir='ltr'>ostaooli</span> <span class='ocrx_word' id='word_1_130' title='bbox 1535 2821 2336 2837; x_wconf 89' lang='grc'><strong>..................</strong></span> 
     </span>
     <span class='ocr_line' id='line_1_20' title="bbox 519 2860 2344 2930; baseline 0.002 -19"><span class='ocrx_word' id='word_1_131' title='bbox 519 2879 548 2906; x_wconf 71' lang='grc' dir='ltr'><strong><em>α</em></strong></span> <span class='ocrx_word' id='word_1_132' title='bbox 567 2860 650 2912; x_wconf 88' lang='lat' dir='ltr'>Un</span> <span class='ocrx_word' id='word_1_133' title='bbox 683 2871 856 2914; x_wconf 84' lang='lat' dir='ltr'>autore</span> <span class='ocrx_word' id='word_1_134' title='bbox 888 2864 1076 2928; x_wconf 77' lang='lat' dir='ltr'>inglese</span> <span class='ocrx_word' id='word_1_135' title='bbox 1109 2863 1354 2930; x_wconf 76' lang='lat' dir='ltr'>leggendo</span> <span class='ocrx_word' id='word_1_136' title='bbox 1384 2863 1433 2914; x_wconf 83' lang='lat' dir='ltr'>la</span> <span class='ocrx_word' id='word_1_137' title='bbox 1465 2865 1569 2913; x_wconf 88' lang='lat' dir='ltr'>mia</span> <span class='ocrx_word' id='word_1_138' title='bbox 1590 2863 1841 2922; x_wconf 66' lang='lat' dir='ltr'>relatione</span> <span class='ocrx_word' id='word_1_139' title='bbox 1869 2865 1912 2914; x_wconf 79' lang='lat' dir='ltr'>ei</span> <span class='ocrx_word' id='word_1_140' title='bbox 1934 2865 2222 2928; x_wconf 75' lang='lat' dir='ltr'>glorieradi</span> <span class='ocrx_word' id='word_1_141' title='bbox 2248 2880 2344 2915; x_wconf 90' lang='lat' dir='ltr'>non</span> 
     </span>
     <span class='ocr_line' id='line_1_21' title="bbox 514 2933 2345 3008; baseline 0.004 -21"><span class='ocrx_word' id='word_1_142' title='bbox 514 2960 543 2987; x_wconf 83' lang='grc'><strong>«</strong></span> <span class='ocrx_word' id='word_1_143' title='bbox 559 2957 723 2992; x_wconf 82' lang='lat' dir='ltr'>essere</span> <span class='ocrx_word' id='word_1_144' title='bbox 756 2952 873 2994; x_wconf 81' lang='lat' dir='ltr'>nato</span> <span class='ocrx_word' id='word_1_145' title='bbox 906 2945 958 2992; x_wconf 91' lang='lat' dir='ltr'>in</span> <span class='ocrx_word' id='word_1_146' title='bbox 989 2944 1186 2994; x_wconf 79' lang='lat' dir='ltr'>oodesto</span> <span class='ocrx_word' id='word_1_147' title='bbox 1220 2933 1368 3008; x_wconf 79' lang='lat' dir='ltr'>paese</span> <span class='ocrx_word' id='word_1_148' title='bbox 1398 2944 1450 2994; x_wconf 90' lang='lat' dir='ltr'>di</span> <span class='ocrx_word' id='word_1_149' title='bbox 1481 2944 1740 2994; x_wconf 78' lang='lat' dir='ltr'>sehiavitu.</span> <span class='ocrx_word' id='word_1_150' title='bbox 1771 2944 1825 2993; x_wconf 90' lang='lat' dir='ltr'>Io</span> <span class='ocrx_word' id='word_1_151' title='bbox 1854 2960 1977 2996; x_wconf 81' lang='lat' dir='ltr'>sono</span> <span class='ocrx_word' id='word_1_152' title='bbox 2007 2960 2073 2994; x_wconf 89' lang='lat' dir='ltr'>un</span> <span class='ocrx_word' id='word_1_153' title='bbox 2108 2945 2236 2994; x_wconf 87' lang='lat' dir='ltr'>buon</span> <span class='ocrx_word' id='word_1_154' title='bbox 2268 2947 2345 2996; x_wconf 89' lang='lat' dir='ltr'>in-</span> 
     </span>
     <span class='ocr_line' id='line_1_22' title="bbox 515 3021 2343 3085; baseline 0.004 -19"><span class='ocrx_word' id='word_1_155' title='bbox 515 3021 718 3085; x_wconf 77' lang='lat' dir='ltr'>«glese,</span> <span class='ocrx_word' id='word_1_156' title='bbox 740 3023 973 3073; x_wconf 81' lang='lat' dir='ltr'>eomeche</span> <span class='ocrx_word' id='word_1_157' title='bbox 1003 3031 1122 3074; x_wconf 84' lang='lat' dir='ltr'>nato</span> <span class='ocrx_word' id='word_1_158' title='bbox 1151 3021 1214 3072; x_wconf 86' lang='lat' dir='ltr'>ed</span> <span class='ocrx_word' id='word_1_159' title='bbox 1245 3023 1451 3074; x_wconf 77' lang='lat' dir='ltr'>educato</span> <span class='ocrx_word' id='word_1_160' title='bbox 1483 3024 1534 3072; x_wconf 90' lang='lat' dir='ltr'>in</span> <span class='ocrx_word' id='word_1_161' title='bbox 1566 3023 1732 3073; x_wconf 85' lang='lat' dir='ltr'>Italia:</span> <span class='ocrx_word' id='word_1_162' title='bbox 1770 3023 2070 3073; x_wconf 90' lang='lat' dir='ltr'>nondimeno</span> <span class='ocrx_word' id='word_1_163' title='bbox 2104 3024 2174 3073; x_wconf 87' lang='lat' dir='ltr'>mi</span> <span class='ocrx_word' id='word_1_164' title='bbox 2204 3032 2343 3074; x_wconf 79' lang='lat' dir='ltr'>sento</span> 
     </span>
     <span class='ocr_line' id='line_1_23' title="bbox 513 3102 2343 3167; baseline 0.002 -19"><span class='ocrx_word' id='word_1_165' title='bbox 513 3119 542 3146; x_wconf 72' lang='grc' dir='ltr'><strong><em>α</em></strong></span> <span class='ocrx_word' id='word_1_166' title='bbox 557 3115 740 3152; x_wconf 79' lang='lat' dir='ltr'>aneora</span> <span class='ocrx_word' id='word_1_167' title='bbox 779 3103 934 3152; x_wconf 82' lang='lat' dir='ltr'>molta</span> <span class='ocrx_word' id='word_1_168' title='bbox 972 3103 1302 3167; x_wconf 78' lang='lat' dir='ltr'>propensione</span> <span class='ocrx_word' id='word_1_169' title='bbox 1332 3102 1412 3166; x_wconf 86' lang='lat' dir='ltr'>pel</span> <span class='ocrx_word' id='word_1_170' title='bbox 1444 3103 1549 3152; x_wconf 89' lang='lat' dir='ltr'>mio</span> <span class='ocrx_word' id='word_1_171' title='bbox 1580 3117 1727 3167; x_wconf 72' lang='lat' dir='ltr'>paene</span> <span class='ocrx_word' id='word_1_172' title='bbox 1758 3104 1917 3164; x_wconf 84' lang='lat' dir='ltr'>natio;</span> <span class='ocrx_word' id='word_1_173' title='bbox 1948 3119 1977 3152; x_wconf 92' lang='lat' dir='ltr'>e</span> <span class='ocrx_word' id='word_1_174' title='bbox 2012 3116 2221 3154; x_wconf 77' lang='lat' dir='ltr'>eonosoe</span> <span class='ocrx_word' id='word_1_175' title='bbox 2250 3106 2343 3154; x_wconf 81' lang='lat' dir='ltr'>ab·</span> 
     </span>
     <span class='ocr_line' id='line_1_24' title="bbox 511 3177 2341 3248; baseline 0.002 -18"><span class='ocrx_word' id='word_1_176' title='bbox 511 3198 538 3225; x_wconf 73' lang='grc' dir='ltr'>κ</span> <span class='ocrx_word' id='word_1_177' title='bbox 557 3177 793 3232; x_wconf 64' lang='lat' dir='ltr'>bastanza]</span> <span class='ocrx_word' id='word_1_178' title='bbox 826 3181 862 3232; x_wconf 93' lang='lat' dir='ltr'>il</span> <span class='ocrx_word' id='word_1_179' title='bbox 899 3190 1142 3232; x_wconf 81' lang='lat' dir='ltr'>carattere</span> <span class='ocrx_word' id='word_1_180' title='bbox 1179 3183 1349 3232; x_wconf 79' lang='lat' dir='ltr'>vivaoe</span> <span class='ocrx_word' id='word_1_181' title='bbox 1388 3180 1468 3231; x_wconf 89' lang='lat' dir='ltr'>de’</span> <span class='ocrx_word' id='word_1_182' title='bbox 1491 3183 1611 3232; x_wconf 89' lang='lat' dir='ltr'>miei</span> <span class='ocrx_word' id='word_1_183' title='bbox 1650 3183 1991 3246; x_wconf 73' lang='lat' dir='ltr'>compati-loti,</span> <span class='ocrx_word' id='word_1_184' title='bbox 2024 3198 2114 3248; x_wconf 85' lang='lat' dir='ltr'>per</span> <span class='ocrx_word' id='word_1_185' title='bbox 2144 3183 2341 3233; x_wconf 80' lang='lat' dir='ltr'>deside·-</span> 
     </span>
     <span class='ocr_line' id='line_1_25' title="bbox 511 3261 2339 3328; baseline 0.004 -23"><span class='ocrx_word' id='word_1_186' title='bbox 511 3279 539 3305; x_wconf 83' lang='lat'>«</span> <span class='ocrx_word' id='word_1_187' title='bbox 556 3277 670 3310; x_wconf 84' lang='lat' dir='ltr'>rare</span> <span class='ocrx_word' id='word_1_188' title='bbox 700 3263 792 3312; x_wconf 82' lang='lat' dir='ltr'>ohe</span> <span class='ocrx_word' id='word_1_189' title='bbox 825 3265 926 3312; x_wconf 87' lang='lat' dir='ltr'>mai</span> <span class='ocrx_word' id='word_1_190' title='bbox 966 3263 1050 3328; x_wconf 83' lang='lat' dir='ltr'>piu</span> <span class='ocrx_word' id='word_1_191' title='bbox 1089 3263 1304 3312; x_wconf 82' lang='lat' dir='ltr'>abbiano</span> <span class='ocrx_word' id='word_1_192' title='bbox 1325 3276 1356 3311; x_wconf 87' lang='lat' dir='ltr'>a</span> <span class='ocrx_word' id='word_1_193' title='bbox 1377 3262 1563 3326; x_wconf 82' lang='lat' dir='ltr'>godere</span> <span class='ocrx_word' id='word_1_194' title='bbox 1594 3262 1646 3311; x_wconf 91' lang='lat' dir='ltr'>di</span> <span class='ocrx_word' id='word_1_195' title='bbox 1680 3269 1851 3325; x_wconf 82' lang='lat' dir='ltr'>questo</span> <span class='ocrx_word' id='word_1_196' title='bbox 1884 3261 2149 3327; x_wconf 83' lang='lat' dir='ltr'>privilegio</span> <span class='ocrx_word' id='word_1_197' title='bbox 2180 3263 2339 3328; x_wconf 82' lang='lat' dir='ltr'>ingle-</span> 
     </span>
     <span class='ocr_line' id='line_1_26' title="bbox 511 3341 2341 3407; baseline 0.002 -17"><span class='ocrx_word' id='word_1_198' title='bbox 511 3359 538 3384; x_wconf 83' lang='lat'>«</span> <span class='ocrx_word' id='word_1_199' title='bbox 556 3355 624 3390; x_wconf 84' lang='lat' dir='ltr'>se.</span> <span class='ocrx_word' id='word_1_200' title='bbox 646 3341 760 3390; x_wconf 84' lang='lat' dir='ltr'>Una</span> <span class='ocrx_word' id='word_1_201' title='bbox 778 3343 876 3393; x_wconf 80' lang='lat' dir='ltr'>tale</span> <span class='ocrx_word' id='word_1_202' title='bbox 908 3342 1086 3393; x_wconf 76' lang='lat' dir='ltr'>liberta</span> <span class='ocrx_word' id='word_1_203' title='bbox 1117 3343 1168 3392; x_wconf 90' lang='lat' dir='ltr'>in</span> <span class='ocrx_word' id='word_1_204' title='bbox 1200 3341 1342 3393; x_wconf 79' lang='lat' dir='ltr'>Italia</span> <span class='ocrx_word' id='word_1_205' title='bbox 1359 3343 1571 3393; x_wconf 74' lang='lat' dir='ltr'>sarebbe</span> <span class='ocrx_word' id='word_1_206' title='bbox 1592 3342 1901 3407; x_wconf 83' lang='lat' dir='ltr'>egualmente</span> <span class='ocrx_word' id='word_1_207' title='bbox 1938 3341 2210 3407; x_wconf 73' lang='lat' dir='ltr'>pericolosa</span> <span class='ocrx_word' id='word_1_208' title='bbox 2239 3344 2341 3394; x_wconf 80' lang='lat' dir='ltr'>allo</span> 
     </span>
     <span class='ocr_line' id='line_1_27' title="bbox 511 3421 2342 3488; baseline 0.002 -17"><span class='ocrx_word' id='word_1_209' title='bbox 511 3439 539 3465; x_wconf 72' lang='grc' dir='ltr'><strong><em>α</em></strong></span> <span class='ocrx_word' id='word_1_210' title='bbox 558 3421 711 3483; x_wconf 79' lang='lat' dir='ltr'>State,</span> <span class='ocrx_word' id='word_1_211' title='bbox 743 3423 804 3472; x_wconf 92' lang='lat' dir='ltr'>ed</span> <span class='ocrx_word' id='word_1_212' title='bbox 835 3423 884 3472; x_wconf 85' lang='lat' dir='ltr'>al</span> <span class='ocrx_word' id='word_1_213' title='bbox 915 3423 1085 3488; x_wconf 78' lang='lat' dir='ltr'>riposo</span> <span class='ocrx_word' id='word_1_214' title='bbox 1115 3422 1511 3488; x_wconf 80' lang='lat' dir='ltr'>de’partioolari.</span> <span class='ocrx_word' id='word_1_215' title='bbox 1543 3424 1669 3474; x_wconf 81' lang='lat' dir='ltr'>Essa</span> <span class='ocrx_word' id='word_1_216' title='bbox 1698 3430 1818 3472; x_wconf 84' lang='lat' dir='ltr'>non·</span> <span class='ocrx_word' id='word_1_217' title='bbox 1836 3423 2121 3472; x_wconf 70' lang='lat' dir='ltr'>servii-ebbe</span> <span class='ocrx_word' id='word_1_218' title='bbox 2150 3437 2184 3472; x_wconf 84' lang='lat' dir='ltr'>a</span> <span class='ocrx_word' id='word_1_219' title='bbox 2212 3425 2342 3474; x_wconf 86' lang='lat' dir='ltr'>mol·</span> 
     </span>
     <span class='ocr_line' id='line_1_28' title="bbox 469 3501 2337 3568; baseline 0.004 -22"><span class='ocrx_word' id='word_1_220' title='bbox 469 3560 473 3566; x_wconf 90' lang='lat'><em>.</em></span> <span class='ocrx_word' id='word_1_221' title='bbox 509 3501 784 3566; x_wconf 78' lang='lat' dir='ltr'>«tiplieare</span> <span class='ocrx_word' id='word_1_222' title='bbox 817 3503 832 3552; x_wconf 87' lang='lat' dir='ltr'>i</span> <span class='ocrx_word' id='word_1_223' title='bbox 871 3501 1169 3564; x_wconf 64' lang='lat' dir='ltr'>Memmii,</span> <span class='ocrx_word' id='word_1_224' title='bbox 1191 3503 1208 3552; x_wconf 86' lang='lat' dir='ltr'>i</span> <span class='ocrx_word' id='word_1_225' title='bbox 1229 3504 1404 3565; x_wconf 64' lang='grc' dir='ltr'><strong>θοαὶ,</strong></span> <span class='ocrx_word' id='word_1_226' title='bbox 1436 3503 1452 3552; x_wconf 95' lang='lat' dir='ltr'>i</span> <span class='ocrx_word' id='word_1_227' title='bbox 1486 3503 1697 3564; x_wconf 82' lang='lat' dir='ltr'>Finetti,</span> <span class='ocrx_word' id='word_1_228' title='bbox 1729 3505 1746 3553; x_wconf 91' lang='lat' dir='ltr'>i</span> <span class='ocrx_word' id='word_1_229' title='bbox 1776 3501 2067 3568; x_wconf 81' lang='lat' dir='ltr'>Morgagni,</span> <span class='ocrx_word' id='word_1_230' title='bbox 2100 3517 2186 3552; x_wconf 80' lang='lat' dir='ltr'>ma</span> <span class='ocrx_word' id='word_1_231' title='bbox 2215 3518 2337 3554; x_wconf 78' lang='lat' dir='ltr'>sono</span> 
     </span>
     <span class='ocr_line' id='line_1_29' title="bbox 509 3581 2354 3644; baseline 0.002 -15"><span class='ocrx_word' id='word_1_232' title='bbox 509 3592 790 3644; x_wconf 77' lang='lat' dir='ltr'>«persuaso</span> <span class='ocrx_word' id='word_1_233' title='bbox 821 3581 912 3630; x_wconf 82' lang='lat' dir='ltr'>ohe</span> <span class='ocrx_word' id='word_1_234' title='bbox 943 3582 988 3630; x_wconf 86' lang='lat' dir='ltr'>si</span> <span class='ocrx_word' id='word_1_235' title='bbox 1019 3583 1394 3632; x_wconf 74' lang='lat' dir='ltr'>convertit-ebbe</span> <span class='ocrx_word' id='word_1_236' title='bbox 1425 3584 1536 3633; x_wconf 86' lang='lat' dir='ltr'>anzi</span> <span class='ocrx_word' id='word_1_237' title='bbox 1568 3583 1618 3632; x_wconf 86' lang='lat' dir='ltr'>in</span> <span class='ocrx_word' id='word_1_238' title='bbox 1652 3597 1750 3632; x_wconf 82' lang='lat' dir='ltr'>una</span> <span class='ocrx_word' id='word_1_239' title='bbox 1778 3582 1987 3631; x_wconf 83' lang='lat' dir='ltr'>orribile</span> <span class='ocrx_word' id='word_1_240' title='bbox 2018 3583 2354 3644; x_wconf 50' lang='lat' dir='ltr'>efrenaoezzffi·</span> 
     </span>
     <span class='ocr_line' id='line_1_30' title="bbox 508 3659 2340 3724; baseline 0.001 -16"><span class='ocrx_word' id='word_1_241' title='bbox 508 3675 580 3708; x_wconf 83' lang='lat' dir='ltr'>«e</span> <span class='ocrx_word' id='word_1_242' title='bbox 601 3659 696 3708; x_wconf 81' lang='lat' dir='ltr'>che</span> <span class='ocrx_word' id='word_1_243' title='bbox 713 3659 1144 3709; x_wconf 79' lang='lat' dir='ltr'>rinnoverebbersi</span> <span class='ocrx_word' id='word_1_244' title='bbox 1177 3661 1194 3710; x_wconf 89' lang='lat' dir='ltr'>i</span> <span class='ocrx_word' id='word_1_245' title='bbox 1225 3661 1383 3724; x_wconf 87' lang='lat' dir='ltr'>tempi</span> <span class='ocrx_word' id='word_1_246' title='bbox 1414 3660 1549 3724; x_wconf 83' lang='lat' dir='ltr'>degli</span> <span class='ocrx_word' id='word_1_247' title='bbox 1572 3661 1767 3712; x_wconf 84' lang='lat' dir='ltr'>Aretini</span> <span class='ocrx_word' id='word_1_248' title='bbox 1799 3675 1828 3709; x_wconf 89' lang='lat' dir='ltr'>e</span> <span class='ocrx_word' id='word_1_249' title='bbox 1858 3660 1937 3712; x_wconf 83' lang='lat' dir='ltr'>de&#39;</span> <span class='ocrx_word' id='word_1_250' title='bbox 1958 3661 2133 3711; x_wconf 86' lang='lat' dir='ltr'>Bruni.</span> <span class='ocrx_word' id='word_1_251' title='bbox 2166 3661 2241 3710; x_wconf 86' lang='lat' dir='ltr'>La</span> <span class='ocrx_word' id='word_1_252' title='bbox 2260 3677 2340 3711; x_wconf 82' lang='lat' dir='ltr'>se-</span> 
     </span>
     <span class='ocr_line' id='line_1_31' title="bbox 509 3729 2419 3802; baseline 0.004 -20"><span class='ocrx_word' id='word_1_253' title='bbox 509 3755 534 3782; x_wconf 80' lang='lat'>«</span> <span class='ocrx_word' id='word_1_254' title='bbox 552 3738 773 3797; x_wconf 65' lang='lat' dir='ltr'>ditione,</span> <span class='ocrx_word' id='word_1_255' title='bbox 806 3737 856 3786; x_wconf 84' lang='lat' dir='ltr'>la</span> <span class='ocrx_word' id='word_1_256' title='bbox 874 3737 1117 3800; x_wconf 69' lang='lat' dir='ltr'>mlunnia,</span> <span class='ocrx_word' id='word_1_257' title='bbox 1151 3741 1199 3788; x_wconf 83' lang='lat' dir='ltr'>la</span> <span class='ocrx_word' id='word_1_258' title='bbox 1229 3739 1608 3802; x_wconf 62' lang='lat' dir='ltr'>proffinazione,</span> <span class='ocrx_word' id='word_1_259' title='bbox 1640 3740 1691 3788; x_wconf 82' lang='lat' dir='ltr'>la</span> <span class='ocrx_word' id='word_1_260' title='bbox 1720 3729 2059 3799; x_wconf 77' lang='lat' dir='ltr'>dissolutezza,</span> <span class='ocrx_word' id='word_1_261' title='bbox 2080 3755 2109 3790; x_wconf 85' lang='lat' dir='ltr'>e</span> <span class='ocrx_word' id='word_1_262' title='bbox 2130 3741 2242 3792; x_wconf 82' lang='lat' dir='ltr'>tutti</span> <span class='ocrx_word' id='word_1_263' title='bbox 2266 3741 2342 3790; x_wconf 82' lang='lat' dir='ltr'>in·</span> <span class='ocrx_word' id='word_1_264' title='bbox 2408 3755 2419 3762; x_wconf 48' lang='lat'><em>*</em></span> 
     </span>
     <span class='ocr_line' id='line_1_32' title="bbox 507 3817 2335 3884; baseline 0.003 -22"><span class='ocrx_word' id='word_1_265' title='bbox 507 3832 746 3868; x_wconf 78' lang='lat' dir='ltr'>«somma</span> <span class='ocrx_word' id='word_1_266' title='bbox 778 3819 794 3867; x_wconf 91' lang='lat' dir='ltr'>i</span> <span class='ocrx_word' id='word_1_267' title='bbox 825 3817 1066 3867; x_wconf 71' lang='lat' dir='ltr'>disordini</span> <span class='ocrx_word' id='word_1_268' title='bbox 1087 3819 1128 3868; x_wconf 78' lang='lat' dir='ltr'>ei</span> <span class='ocrx_word' id='word_1_269' title='bbox 1159 3819 1553 3882; x_wconf 76' lang='lat' dir='ltr'>spargerebbero</span> <span class='ocrx_word' id='word_1_270' title='bbox 1586 3833 1677 3882; x_wconf 87' lang='lat' dir='ltr'>per</span> <span class='ocrx_word' id='word_1_271' title='bbox 1706 3819 1753 3868; x_wconf 87' lang='lat' dir='ltr'>le</span> <span class='ocrx_word' id='word_1_272' title='bbox 1774 3827 1942 3870; x_wconf 79' lang='lat' dir='ltr'>nostre</span> <span class='ocrx_word' id='word_1_273' title='bbox 1959 3822 2078 3880; x_wconf 65' lang='lat' dir='ltr'>eiua</span> <span class='ocrx_word' id='word_1_274' title='bbox 2108 3836 2137 3871; x_wconf 87' lang='lat' dir='ltr'>e</span> <span class='ocrx_word' id='word_1_275' title='bbox 2169 3836 2257 3884; x_wconf 86' lang='lat' dir='ltr'>per</span> <span class='ocrx_word' id='word_1_276' title='bbox 2290 3821 2335 3868; x_wconf 81' lang='lat' dir='ltr'>le</span> 
     </span>
     <span class='ocr_line' id='line_1_33' title="bbox 507 3888 2346 3965; baseline 0.003 -22"><span class='ocrx_word' id='word_1_277' title='bbox 507 3915 534 3943; x_wconf 63' lang='grc' dir='ltr'><strong>α</strong></span> <span class='ocrx_word' id='word_1_278' title='bbox 553 3888 718 3949; x_wconf 73' lang='lat' dir='ltr'>nostre</span> <span class='ocrx_word' id='word_1_279' title='bbox 737 3911 1034 3961; x_wconf 81' lang='lat' dir='ltr'>campagne:</span> <span class='ocrx_word' id='word_1_280' title='bbox 1053 3897 1086 3946; x_wconf 77' lang='lat'>1¹</span> <span class='ocrx_word' id='word_1_281' title='bbox 1107 3898 1394 3962; x_wconf 83' lang='lat' dir='ltr'>irreligione</span> <span class='ocrx_word' id='word_1_282' title='bbox 1409 3897 1761 3950; x_wconf 75' lang='lat' dir='ltr'>moeoderebbe</span> <span class='ocrx_word' id='word_1_283' title='bbox 1776 3899 1877 3950; x_wconf 81' lang='lat' dir='ltr'>alla</span> <span class='ocrx_word' id='word_1_284' title='bbox 1898 3893 2150 3965; x_wconf 75' lang='lat' dir='ltr'>ipocrisiaz</span> <span class='ocrx_word' id='word_1_285' title='bbox 2184 3900 2225 3950; x_wconf 81' lang='lat' dir='ltr'>si</span> <span class='ocrx_word' id='word_1_286' title='bbox 2248 3901 2346 3949; x_wconf 75' lang='lat' dir='ltr'>da·-</span> 
     </span>
     <span class='ocr_line' id='line_1_34' title="bbox 509 3975 2329 4042; baseline 0.001 -16"><span class='ocrx_word' id='word_1_287' title='bbox 509 3995 534 4020; x_wconf 74' lang='grc' dir='ltr'><strong><em>κ</em></strong></span> <span class='ocrx_word' id='word_1_288' title='bbox 554 3979 704 4028; x_wconf 90' lang='lat' dir='ltr'>rebbe</span> <span class='ocrx_word' id='word_1_289' title='bbox 747 3978 795 4026; x_wconf 86' lang='lat' dir='ltr'>al</span> <span class='ocrx_word' id='word_1_290' title='bbox 829 3979 966 4042; x_wconf 83' lang='lat' dir='ltr'>Papa</span> <span class='ocrx_word' id='word_1_291' title='bbox 990 3975 1033 4026; x_wconf 87' lang='lat' dir='ltr'>.i1</span> <span class='ocrx_word' id='word_1_292' title='bbox 1067 3991 1213 4026; x_wconf 83' lang='lat' dir='ltr'>nome</span> <span class='ocrx_word' id='word_1_293' title='bbox 1256 3978 1306 4026; x_wconf 88' lang='lat' dir='ltr'>di</span> <span class='ocrx_word' id='word_1_294' title='bbox 1339 3979 1617 4039; x_wconf 72' lang='lat' dir='ltr'>antici-ism,</span> <span class='ocrx_word' id='word_1_295' title='bbox 1661 3980 1719 4028; x_wconf 83' lang='lat' dir='ltr'>ed</span> <span class='ocrx_word' id='word_1_296' title='bbox 1752 3977 1850 4030; x_wconf 78' lang='lat' dir='ltr'>alla</span> <span class='ocrx_word' id='word_1_297' title='bbox 1872 3981 2055 4029; x_wconf 83' lang='lat' dir='ltr'>Chiesa</span> <span class='ocrx_word' id='word_1_298' title='bbox 2075 3979 2125 4028; x_wconf 87' lang='lat' dir='ltr'>di</span> <span class='ocrx_word' id='word_1_299' title='bbox 2150 3980 2329 4042; x_wconf 80' lang='lat' dir='ltr'>prosti-</span> 
     </span>
    </p>
   </div>
   <div class='ocr_carea' id='block_1_4' title="bbox 2176 4241 2190 4270">
    <p class='ocr_par' dir='ltr' id='par_1_6' title="bbox 2176 4241 2190 4270">
     <span class='ocr_line' id='line_1_35' title="bbox 2176 4241 2190 4270; baseline 0 0"><span class='ocrx_word' id='word_1_300' title='bbox 2176 4241 2190 4270; x_wconf 84' lang='grc' dir='ltr'><em>Ι</em></span> 
     </span>
    </p>
   </div>
  </div>
 </body>
</html>
