2996 4935
1203 649 1561 693 FABULARUM.

662 760 1122 831 Quandoquidem
1149 759 1302 817 horis
1325 757 1617 815 nocturnis
1650 756 1927 817 collucent
1954 757 2102 815 faces
2120 800 2133 825 ‚

668 866 796 925 Non
821 868 884 923 ut
909 865 1218 934 minuatur,
1251 863 1352 922 sed
1375 864 1591 922 crescat
1613 862 1677 919 ut
1700 863 1955 921 audacia.

471 1090 674 1188 mms
1201 1127 1571 1187 MANGo

663 1288 834 1346 Hono
858 1288 1254 1347 fraudulentus
1280 1287 1585 1347 destitutus
1608 1286 1837 1359 publica

668 1394 946 1467 Opinione
973 1394 1362 1468 commigravit
1387 1395 1458 1451 ad
1487 1394 1725 1453 Arabas.

666 1501 1056 1573 Interrogatus
1080 1517 1247 1574 super
1271 1501 1392 1559 hoc.
1423 1532 1494 1543 -
1518 1501 1677 1559 Vade
1700 1501 1773 1558 ad
1800 1500 2037 1572 patriam

661 1607 1107 1665 Mendaciorum:
1131 1636 1202 1651 -ν
1226 1607 1386 1666 dixit.
1416 1607 1731 1666 Mercurius
1755 1607 1901 1665 enim

625 1710 970 1787 ‘Hujusdem
993 1713 1194 1772 mercis
1219 1713 1342 1771 illic
1363 1728 1423 1770 se
1449 1729 1615 1771 sacco
1640 1712 1816 1771 levem

662 1818 972 1887 Persensit‚
999 1820 1274 1877 dissoluto
1299 1820 1420 1893 ejus
1443 1819 1734 1891 ligamine.

470 2099 555 2140 xv.
894 2080 1256 2139 TRIVIALE
1301 2080 1852 2140 SPECTAOULUM.

660 2245 986 2301 amoenis
1011 2243 1162 2300 inter
1185 2242 1559 2315 supportabat
1582 2243 1713 2300 dum
1740 2243 1901 2301 canis

658 2350 991 2422 Impositum
1016 2348 1179 2407 felem
1207 2349 1364 2408 nullo
1391 2350 1782 2408 sustentaculo
1798 2394 1811 2419 ‚

657 2456 922 2530 Stupente
948 2455 1121 2514 trivio
1145 2471 1271 2514 cum
1295 2455 1591 2528 plebecula
1613 2456 1767 2528 rudi,

659 2564 889 2623 Percita
914 2564 967 2620 vi
993 2564 1144 2622 venti
1168 2564 1364 2637 tegula
1385 2562 1623 2622 descivit
1644 2563 1789 2635 loco,

658 2670 874 2728 Cadens
896 2670 1154 2728 turbavit
1175 2671 1234 2729 et
1255 2686 1418 2730 omne
1445 2671 1873 2730 contubernium

657 2775 971 2848 (Agebatur
995 2792 1084 2836 res
1109 2777 1314 2858 etenim
1338 2777 1445 2834 sub
1469 2777 1871 2850 suggrundio).

656 2881 824 2940 Canis
848 2881 1159 2954 aberravit,
1182 2882 1314 2940 fel-is
1341 2882 1539 2955 tetigit
1560 2883 1619 2941 et
1644 2883 1824 2942 solum
1838 2925 1853 2953 ‚

658 2988 898 3060 Utrique
923 2987 1264 3046 adsibilante
1287 2988 1682 3047 multitudine:

657 3095 752 3152 Sic
779 3095 836 3152 et
859 3094 1059 3152 mirum
1085 3094 1232 3165 quod
1253 3095 1406 3164 erat,
1426 3095 1735 3155 deridiculo
1760 3097 1885 3155 fuit.

721 3200 938 3259 Fabula
961 3201 1226 3258 narratur
1250 3200 1394 3258 vivis
1417 3201 1539 3272 ejus
1565 3203 1853 3274 temporie,

658 3308 829 3381 Cujus
854 3307 1044 3366 futura
1067 3322 1188 3365 sors
1210 3307 1343 3377 erit,
1369 3322 1717 3379 compescere

659 3415 944 3489 Quidquid
969 3415 1377 3474 humanitatem
1402 3409 1743 3488 praegravat
1768 3414 1986 3474 artibus
2004 3459 2018 3486 ‚

655 3521 730 3579 Et
753 3522 964 3581 studiis
992 3521 1346 3582 mirabilibus
1370 3523 1593 3593 praeter
1616 3522 1893 3592 ordinem,

519 3670 534 3676 -
656 3629 735 3684 Ut
757 3629 834 3686 sit
859 3628 1134 3688 sobrietas
1159 3627 1312 3686 vitae
1328 3628 1446 3701 jam
1471 3629 1698 3688 tandem
1724 3630 1913 3688 redux.

650 3730 892 3790 Cunctos
917 3734 1118 3794 heroas
1143 3747 1291 3804 esse,
1317 3733 1524 3792 natura
1550 3735 1751 3793 renuit.

656 3838 735 3894 Hi
759 3841 893 3897 sunt
916 3839 1114 3899 heroes
1140 3856 1264 3898 vere
1292 3824 1755 3900 commendabiles
1771 3884 1785 3911 ,

657 3945 761 4013 Qui
785 3946 1038 4003 sentiunt
1059 3961 1116 4003 se
1142 3945 1373 4016 fratres,
1400 3948 1457 4004 et
1481 3948 1739 4006 sternunt
1767 3949 1915 4007 viam
