2996 4935
689 580 758 635 20
1356 590 1409 633 Α.
1448 592 1496 633 c.
1536 586 1839 634 runnuccir

881 700 1139 758 Stultum
1161 703 1248 760 est
1271 700 1496 773 pulsare
1521 700 1719 774 lingua
1744 716 1951 760 morem
1970 744 1984 771 ‚
2010 702 2067 759 et
2088 702 2335 759 ordinem
2349 744 2363 768 ,

667 806 686 875 ‘.
810 808 982 876 Quem
1007 806 1259 866 revocari
1291 807 1486 879 postea
1511 806 1659 866 ferat
1678 807 1987 867 nenessitas

807 912 1138 972 Securitatis
1171 913 1232 973 in
1269 914 1513 987 negotiis
1550 913 1772 973 civium.

805 1018 982 1077 Inflat
1005 1020 1318 1080 Temeritas
1337 1063 1353 1092 ‚
1375 1036 1540 1094 quem
1566 1020 1697 1079 Sors
1722 1021 2029 1091 exanimat,
2052 1022 2247 1078 utrem.

689 1285 909 1343 xxxxil.
1247 1282 1433 1343 ILEX
1480 1285 1576 1343 ΕΤ
1609 1284 1970 1343 HOMINES.

882 1447 1022 1506 [max
1047 1463 1326 1507 annorum
1348 1447 1515 1505 iestis
1539 1447 1874 1507 secularium

883 1544 1106 1612 Cortice
1133 1554 1334 1613 cavato
1357 1552 1707 1613 subsistebat
1726 1553 2021 1612 hactenus.

884 1658 1328 1718 Admirabantur
1350 1658 1569 1718 incolae
1598 1658 1933 1717 convallium

885 1767 980 1825 Sic
1004 1765 1338 1825 obduratam
1361 1764 1641 1823 sustinere
1665 1767 1975 1837 temporum

885 1872 1052 1931 Viees
1067 1915 1082 1942 ‚
1111 1872 1170 1929 et
1200 1870 1532 1932 invidebant
1555 1870 1899 1931 fortitudinis

878 1978 1271 2037 Diuturnitati.
1297 1978 1547 2048 Quidam·
1573 1977 1847 2037 curiosius

881 2086 1025 2145 Eam
1051 2086 1250 2147 scitari
1278 2086 1580 2148 voluerunt
1602 2087 1670 2145 de
1694 2087 1936 2147 motibus

881 2194 1088 2252 Rerum
1116 2194 1372 2253 civilium·
1397 2192 1573 2252 variis
1587 2236 1604 2265 ‚
1627 2194 1742 2253 fere
1766 2195 1831 2251 ut
1854 2194 2043 2253 oculos

877 2299 1128 2358 Habet-et
1143 2342 1159 2370 ,
1184 2301 1242 2357 et
1273 2300 1537 2374 linguam
1564 2300 1795 2373 propria
1820 2316 1941 2358 cum
1966 2301 2252 2360 memoria

877 2406 917 2463 J
919 2420 1009 2463 am
1037 2420 1150 2465 non
1181 2405 1492 2477 obmutuit,
1520 2407 1579 2462 et
1600 2406 1751 2478 quod
1784 2406 2117 2479 sperabant,
2142 2405 2296 2463 dedit

876 2511 1132 2570 Breviter
1157 2512 1459 2584 loquendo.
1483 2543 1557 2554 —
1581 2503 1751 2568 A'dite
1767 2553 1781 2580 ‚
1804 2513 2009 2570 intrate
2036 2512 2329 2572 corticem!

882 2617 1165 2678 Videbitis
1195 2617 1388 2676 ruinas
1414 2617 1511 2676 hic
1535 2617 1885 2676 intrinsecus.

880 2725 1018 2796 Ipsa
1045 2739 1152 2797 ego
1186 2724 1274 2782 tot
1297 2723 1582 2783 aetatibus
1608 2723 1764 2781 aliud
1789 2739 2018 2796 prorsus
2042 2724 2189 2782 nihil

881 2829 1041 2902 Vidi,
1073 2830 1304 2906 praeter
1331 2829 1526 2889 ruinas
1552 2830 1834 2890 hominum
1852 2873 1868 2902 ‚
1890 2833 1949 2889 et
1965 2830 2205 2890 urbium.
2230 2863 2301 2876 —
2402 2823 2407 2830 ’

807 2910 818 2933 Ι
952 2936 1045 2995 Sic
1066 2953 1284 3010 semper
1306 2937 1513 2996 mundo
1538 2937 1711 2996 veteri
1734 2937 1889 3013 pej0r
1911 2940 1999 2997 est
2022 2954 2212 2997 nevus.

688 3203 937 3260 xxxqu.
1143 3203 1587 3262 PISGATORES
1624 3203 1721 3261 ΕΤ
1756 3203 2071 3262 MULLUS.

876 3362 999 3421 Duo
1027 3362 1288 3420 destituti
1307 3364 1469 3422 rebus
1498 3361 1758 3420 omnibus
1774 3404 1789 3432 ,
1812 3362 1883 3418 ad
1908 3377 2055 3420 mare

877 3468 947 3527 Se
977 3468 1368 3539 contulerunt,
1393 3470 1459 3526 ut
1479 3468 1703 3540 piscatu
1726 3467 1995 3525 viverent.

881 3574 1122 3633 Mullum
1150 3574 1444 3633 barbatum
1471 3574 1733 3647 decepere
1756 3575 2023 3647 ponderis

885 3681 1015 3740 Non
1039 3681 1271 3753 usitati,
1298 3681 1458 3756 cujus
1488 3681 1642 3740 intra
1662 3681 1878 3742 viscera

887 3786 1166 3847 Nummus
1189 3789 1408 3848 latebat
1431 3805 1637 3848 aureus
1662 3789 1983 3848 rarissimus

889 3893 1260 3966 Antiquitate.
1289 3895 1403 3955 Rex
1431 3896 1897 3955 inaestimabilem
2000 3913 2009 3930 =
