2996 4935
624 584 694 641 42
1288 602 1342 643 A.
1387 601 1436 643 c.
1475 598 1775 645 ununuccu

741 710 855 769 Sub
879 708 1108 769 dumeta
1128 709 1314 769 latens
1339 726 1468 771 rosa
1489 710 1743 784 pulcrior
1766 726 1891 773 esse
1922 710 2169 783 laborat3

810 818 963 875 Rara
985 817 1086 876 sed
1110 820 1368 877 occurrit.
1394 818 1673 892 Penelope
1700 818 1803 879 illa
1826 818 1957 877 fuit.

623 1084 746 1141 111.
853 1096 857 1101 ·
916 1174 921 1180 .
1160 1082 1679 1145 MERCURIALIS
1716 1047 1949 1142 rmus.

744 1246 904 1315 Quen
929 1244 1087 1303 dedit
1108 1263 1175 1306 ex
1200 1261 1335 1305 auro
1359 1246 1617 1304 Fortuna
1640 1246 1826 1304 tenere
1854 1244 2006 1316 quod
2032 1244 2241 1316 obstat,

813 1352 900 1410 Ne
927 1353 1008 1411 sit
1029 1352 1174 1411 liber
1201 1354 1383 1424 homo,
1407 1352 1621 1411 serviat
1646 1354 1813 1425 atque
1839 1351 2051 1421 1113113,

747 1456 890 1518 Ecce
911 1460 1085 1517 vomit
1109 1458 1356 1528 chartas,
1380 1474 1452 1517 ne
1478 1458 1556 1517 sit
1578 1458 1925 1517 numerabile
1956 1460 2179 1531 pondus

813 1564 986 1638 Illud,
1009 1566 1178 1623 inane
1203 1564 1429 1623 schedis
1454 1564 1728 1625 indicium
1758 1564 1859 1622 sed
1889 1580 2069 1637 opum.

744 1670 988 1731 Mundus
1011 1674 1244 1745 uterque
1268 1674 1497 1731 scatens
1520 1672 1629 1731 hac
1652 1689 1861 1744 merce,
1894 1673 2119 1731 videtur
2144 1686 2328 1731 amare

817 1779 988 1836 Hisce
1014 1792 1216 1851 vagam
1246 1778 1459 1837 chartis
1475 1820 1490 1847 ,
1529 1779 1678 1836 sorte
1705 1779 1927 1838 favente
1944 1821 1959 1850 ,
1984 1777 2186 1835 fidem.-

744 1883 1028 1953 Quomodo
1053 1900 1186 1942 rara
1209 1883 1345 1942 fides
1368 1898 1506 1957 ergo
1528 1884 1745 1943 dicetur
1768 1884 1793 1941 2
1828 1884 1918 1942 Ab
1943 1884 2058 1944 aris

818 1990 981 2062 Exul,
1006 1991 1064 2048 et
1089 2006 1124 2048 3
1145 1990 1416 2049 thalamis
1441 1992 1565 2049 tota
1587 1990 1831 2050 forensis
1859 1992 2034 2051 adest.

750 2096 828 2156 Et
850 2098 948 2157 fiet
971 2098 1237 2157 meretrix
1261 2097 1493 2159 inimica
1518 2101 1778 2180 pudoris,
1816 2100 2039 2172 iniquos

817 2208 972 2276 Quae
999 2206 1320 2266 decoctores
1346 2210 1613 2290 protegat
1638 2208 1807 2266 aucta
1830 2207 1993 2265 dolie.

1366 2352 1713 2360 ———---—--.———-

626 2474 774 2531 111111.
1406 2475 1671 2531 TALPA.

750 2632 880 2692 Non
905 2633 1123 2706 semper
1149 2633 1401 2706 sequitur
1425 2633 1681 2691 Fortuna
1704 2630 1948 2692 fideliter
1971 2633 2101 2693 illos

820 2740 970 2809 Quos
994 2738 1120 2797 vult
1143 2755 1174 2798 a
1201 2737 1434 2797 latebris
1457 2754 1669 2810 eruere,
1694 2739 1863 2814 atque
1887 2739 2025 2799 luto.

749 2846 926 2918 'talpa
952 2843 1323 2904 cathedrariis
1347 2844 1461 2904 fuit
1486 2845 1906 2918 adnumeratae,
1930 2847 2143 2906 honore

819 2953 948 3014 Non
973 2953 1316 3025 exspectato,
1336 2967 1502 3025 quem
1525 2953 1799 3012 meruisse
1824 2953 2006 3026 putat.

749 3061 940 3120 Mutus
967 3061 1026 3118 at
1048 3060 1328 3147 inventus,
1355 3061 1464 3119 cito
1493 3059 1901 3132 praecipitatus
1926 3060 1998 3118 ab
2026 3060 2143 3120 alto
2168 3062 2272 3118 est.

817 3169 1060 3226 Scamna
1081 3167 1308 3228 scholae
1334 3167 1553 3226 rident:
1572 3167 1672 3226 ille
1697 3167 1961 3239 receptus
1990 3167 2169 3248 humo,

751 3276 1032 3360 Cognatas
1058 3256 1239 3334 intrat
1261 3275 1552 3344 tenebras,
1576 3275 1826 3333 mercede
1850 3274 1949 3333 sed
1972 3274 2195 3341 auctae,

819 3381 974 3450 Quae
993 3382 1128 3439 rude
1153 3381 1233 3440 sit
1255 3381 1472 3439 minimi
1502 3380 1716 3454 grande
1740 3379 2072 3452 magisterii,

633 3645 800 3706 xqu.
1280 3646 1811 3706 METICULOSUS.

752 3809 1064 3878 Quarruou
1087 3808 1312 3870 invenio
1336 3813 1523 3870 tecum
1546 3825 1670 3868 3333
1696 3807 1993 3868 obstacula
2018 3807 2185 3868 vitae.

824 3916 984 3984 Quod
1008 3917 1222 3987 sedeas,
1247 3917 1395 3988 qnod
1422 3933 1535 3988 333,
1560 3918 1709 3989 quod
1736 3916 1976 3985 (1111111133,
2006 3915 2153 3987 quod
2180 3929 2337 3987 agas.
