2996 4935
1247 606 1296 648 A.
1340 606 1388 648 G.
1427 604 1759 648 manucen-

771 719 880 791 Spe
905 716 1047 776 finis.
1075 716 1439 776 Intermissae
1466 717 1799 790 diligentiae

775 822 1219 882 Insimulabatur
1242 824 1398 896 ideo,
1424 824 1522 896 qui
1545 824 1693 884 foret
1716 840 1915 896 operae

778 929 967 988 Minus
992 929 1214 1003 patiens
1239 929 1298 988 in
1330 931 1461 988 ludo
1485 929 1791 990 litterario·

775 1036 907 1095 Fuit
931 1037 1230 1097 excusator
1255 1037 1318 1097 in
1339 1051 1607 1110 praesens
1634 1037 1731 1109 qui
1755 1037 1999 1108 diceret,

775 1143 844 1202 Id
871 1143 1054 1204 facere
1072 1143 1202 1218 Jure
1227 1159 1484 1216 puerum,
1510 1145 1607 1216 qui
1633 1144 1700 1202 de
1726 1145 1974 1216 tempore

777 1249 1170 1324 InterroganS‚
1197 1250 1502 1323 pretiosum
1529 1265 1695 1321 quam
1724 1249 1833 1321 sit,
1858 1250 2143 1320 admonet3

777 1356 902 1414 Uno
927 1371 1058 1414 nam
1081 1371 1252 1429 penso
1275 1357 1501 1428 exacto,
1529 1357 1728 1414 debuit
1754 1357 1991 1413 alterum

776 1463 1050 1536 Implere,
1072 1479 1286 1522 nocuae
1307 1477 1432 1521 cnm
1455 1463 1711 1536 periculo
1737 1477 1939 1522 morae.
1968 1495 2038 1505 -

845 1567 1013 1627 Nunc
1035 1569 1320 1628 auditores
1344 1569 1795 1642 praegravantur
1822 1568 2071 1642 pondere

779 1674 1216 1748 Disciplinarum
1240 1674 1670 1734 succumbentes
1696 1674 1759 1734 in
1794 1675 1919 1743 via,

783 1779 1002 1838 Eventu
1027 1781 1229 1839 misero
1255 1780 1475 1838 inutilis
1502 1779 1859 1838 constantiae

691 1971 700 1980 ⁸
782 1887 854 1945 In
878 1886 1084 1944 studiis
1113 1885 1543 1958 multiplicibus„
1575 1887 1785 1958 absque
1809 1887 2017 1960 pyxide

596 2472 713 2527 ΥΝῙ.

600 3636 740 3693 Lle.

784 1994 824 2052 J
826 1992 1026 2066 udicii‚
1051 1995 1201 2065 quod
1228 1993 1501 2056 formatur
1519 1994 1745 2052 intentu
1771 1993 1858 2052 rei

785 2099 998 2172 Unius;
1023 2099 1406 2159 doctrinarum
1433 2115 1503 2160 ne
1529 2115 1797 2174 magnum
1820 2116 1977 2160 mare

784 2207 1012 2266 Incerta
1036 2207 1268 2280 regione
1291 2208 1585 2280 sepultura
1606 2205 1686 2266 sit
1711 2207 1926 2280 ingeni.

1375 2472 1641 2528 EPULO.

785 2628 973 2686 Eeuno
999 2617 1324 2691 contractus
1349 2626 1621 2699 genibus,
1645 2628 1703 2684 et
1726 2630 1917 2687 ventre
1942 2628 2195 2687 tumidus

785 2731 1098 2809 Imaginem
1123 2732 1269 2791 ollae
1294 2745 1465 2805 prope
1487 2732 1769 2791 referebat
1794 2732 2025 2793 auribus

785 2840 1077 2913 oblongis,
1101 2840 1272 2900 Hunc
1293 2840 1562 2899 nitentem
1576 2882 1593 2913 ‚
1616 2842 1767 2899 rffore
1792 2842 1985 2901 Flavii

785 2947 1149 3022 Vespasiani,
1180 2948 1509 3007 concacavit
1532 2949 1782 3007 milvius,

787 3054 983 3129 Capite
1007 3054 1302 3127 inquinato
1317 3098 1332 3127 ‚
1357 3056 1778 3115 lamentabatur
1806 3057 2001 3129 epulo:

787 3162 924 3218 Fuit
946 3162 1044 3233 qui
1071 3162 1306 3223 diceret:
1330 3196 1400 3206 -
1422 3163 1535 3222 Hic
1563 3164 1789 3238 galerus
1816 3164 1904 3223 est·
1929 3164 2093 3235 tuus3

789 3267 1018 3328 Prodire
1043 3284 1170 3327 nam
1195 3268 1446 3329 fumosus
1475 3286 1509 3327 a
1546 3269 1823 3329 conviviis

789 3374 1120 3446 Plerumque
1145 3376 1298 3435 nuda
1321 3376 1526 3435 solitus
1549 3390 1610 3433 es
1638 3376 1907 3434 calvaria.
1932 3406 2021 3419 -ν

1159 3636 1428 3700 GIBBUS
1477 3637 1564 3697 IN
1606 3636 1858 3695 GURIA.

795 3796 967 3854 Hono
993 3800 1214 3858 statura
1237 3798 1501 3871 exiguus,
1528 3801 1587 3857 et
1606 3799 1819 3873 gibbus
1846 3800 2095 3860 humeris

797 3900 988 3959 Risum
1014 3903 1302 3972 movebat,
1327 3919 1593 3975 praesens
1614 3904 1675 3963 in
1704 3906 1865 3965 coetu
1896 3890 2099 3969 uirum-
