2996 4935
77 4886 148 4903 Ι,

1524 530 1531 566 ἱ

1221 641 1500 686 Ennomon.

471 757 756 814 Hircus
795 771 989 829 aprum
1017 755 1238 813 invenit
1261 756 1349 814 cui
1377 752 1768 828 persuaderet,
1796 753 2077 825 agendum

573 863 680 920 m:
709 863 946 936 myrtus
971 861 1210 920 Veneris
1235 861 1420 919 strata
1436 860 1655 933 jaceret
1680 859 1849 918 humi.

488 969 684 1027 Solis
725 971 812 1028 ab
837 983 1039 1028 occasu
1063 968 1222 1028 taciti
1247 969 1476 1039 potuere
1502 967 1753 1026 cavando

593 1076 853 1134 Emere
891 1077 1065 1147 hanc,
1092 1075 1250 1134 foliis
1277 1077 1338 1132 et
1359 1074 1603 1147 spoliare
1626 1074 1775 1132 suis:

503 1183 626 1240 Ire
665 1184 1020 1242 videbantur
1041 1196 1169 1240 mox
1195 1181 1322 1254 ipsa
1345 1180 1543 1240 fraude
1568 1179 1815 1252 superbi.

589 1289 916 1362 Hesperus
939 1290 1050 1348 hoc
1073 1288 1294 1348 facinus
1319 1287 1464 1360 vidit
1479 1331 1494 1357 ,
1516 1290 1575 1347 et
1597 1288 1904 1360 obstupuit.

503 1396 728 1454 Mane
750 1412 893 1457 novo
917 1411 1217 1455 occurrens
1237 1395 1501 1468 implevit
1522 1394 1785 1468 Cypridis
1810 1411 1973 1453 aures
1987 1437 2001 1463 ‚

601 1503 836 1563 Ulcisoi
864 1503 926 1560 in
951 1504 1132 1576 myrto
1156 1517 1300 1574 quae
1324 1517 1427 1560 sua
1451 1502 1655 1562 damna
1681 1502 1835 1560 velit.

521 1609 837 1669 Marmore
866 1611 1074 1667 mutari
1099 1609 1218 1668 Dea
1247 1609 1387 1667 fecit
1416 1610 1746 1681 utrumque,
1772 1609 1831 1665 et
1854 1609 2039 1666 eodem

613 1717 866 1788 sistere,
889 1733 1002 1789 quo
1027 1717 1216 1774 fuerat
1231 1718 1448 1790 myrtus
1472 1731 1681 1788 opaca,
1704 1717 1843 1776 1000.

451 1819 466 1832 ’
535 1825 770 1882 Annua
794 1826 945 1882 serta
969 1824 1154 1882 ferens
1181 1841 1247 1881 ex
1272 1825 1472 1898 myrt0‚
1498 1823 1711 1884 rustica.
1733 1824 1910 1897 pubes

625 1934 776 1990 Ante
800 1933 972 2005 pedes
998 1932 1194 1990 horum
1220 1932 1424 2000 saltat,
1451 1931 1691 2004 itemque
1717 1933 1874 1990 canit

539 2038 775 2097 Idaliae
802 2039 1007 2097 Veneri
1032 2038 1253 2110 laudes3
1279 2038 1339 2094 in
1366 2054 1609 2096 marmor
1632 2041 1927 2110 utrumque

535 2151 552 2161 “
641 2144 790 2213 Quin
815 2147 874 2202 et
895 2143 1248 2226 quisquilias,
1276 2145 1332 2201 et
1355 2145 1506 2201 mala
1531 2143 1701 2201 verba
1716 2143 1875 2216 jacit.

424 2387 476 2428 x.
963 2375 1282 2434 MARTHA
1295 2418 1310 2445 ,
1347 2375 1442 2433 ΕΤ
1482 2374 1749 2434 MARIA.

556 2551 630 2560 —-
660 2518 900 2575 Iuvmuo
927 2518 1110 2578 crines
1135 2519 1272 2576 tibi:
1299 2550 1368 2561 --
1392 2518 1535 2577 dixit
1559 2519 1787 2577 Martha
1810 2518 2040 2577 Mariae.

634 2628 740 2683 Ast
763 2642 860 2685 ea:
883 2658 953 2669 —-
977 2625 1178 2683 vellem
1209 2626 1425 2697 oculos,
1452 2627 1668 2699 inquit,
1692 2626 1901 2685 habere
1929 2608 2073 2685 tuos,

565 2732 768 2806 Omnia
790 2732 1142 2805 prospiciens
1165 2732 1373 2789 etenim
1399 2734 1787 2806 complecteris
1812 2748 1925 2791 uno

633 2840 883 2909 Intuitu,
909 2838 1108 2899 officiis
1134 2841 1326 2899 dedita
1351 2842 1474 2899 tota
1504 2843 1716 2899 domus.

2193 627 2261 684 37

557 2945 694 3017 Ipsa
717 2946 845 3016 fleo,
875 2948 932 3004 et
955 2946 1141 3005 sedeo:
1167 2978 1234 2991 —
1261 2946 1370 3007 Sed
1399 2948 1567 3013 flens,
1594 2948 1679 3005 ait
1704 2948 1912 3017 altera,
1939 2947 2211 3027 linguam=

632 3052 744 3111 Das
769 3053 974 3121 oculis,
999 3055 1262 3112 moveant
1287 3056 1352 3111 ut
1379 3056 1587 3127 pietate
1620 3056 1813 3113 Deum.
1843 3086 1912 3099 --·

561 3160 656 3219 Sic
678 3161 862 3233 placet
885 3162 1017 3219 ante
1046 3176 1235 3219 omnes
1261 3161 1567 3234 philomela
1592 3177 1799 3219 canora
1824 3161 2098 3233 querelis:

633 3265 752 3329 Nec
774 3266 1051 3339 quidquid
1077 3282 1270 3326 vocum
1297 3268 1410 3337 est,
1435 3267 1565 3341 plus
1590 3265 1888 3338 probitatis
1916 3266 2099 3325 habet.

443 3498 527 3559 xI.
899 3498 1177 3557 CAEOUS
1215 3500 1316 3557 AD
1353 3498 1806 3557 SEPULCRUM.

563 3639 678 3700 Nix,
705 3641 844 3699 mihi
869 3656 995 3699 oum
1021 3642 1138 3701 sole
1161 3642 1276 3700 est:
1301 3674 1370 3683 -—
1398 3642 1631 3699 >dicebat
1656 3656 1853 3699 caecus
1876 3642 1949 3700 ad
1976 3658 2177 3701 urnam

634 3748 907 3819 ceruum,
933 3750 990 3805 et
1014 3748 1278 3821 lacrymis
1307 3747 1498 3804 oscula
1523 3748 1701 3804 mixta.
1726 3748 1918 3809 dabat.

565 3886 632 3899 --
657 3854 778 3913 Neo
803 3854 952 3925 vidi,
972 3854 1090 3927 jam
1115 3872 1220 3913 neo
1245 3853 1411 3927 tetigi
1443 3854 1530 3922 te,
1563 3854 1757 3912 sancte
1789 3854 2032 3917 virorum
2049 3902 2063 3929 ‚

634 3958 955 4021 Munificum
983 3961 1243 4031 expertus
1265 3976 1366 4033 pro
1396 3958 1647 4018 bonitate
1674 3961 1803 4037 tua3
