2996 4935
1125 819 1593 878 SERENITATI

491 967 1350 1048 REIPUBLICAE
1416 965 2219 1063 MARINENSIS‚

936 1163 1032 1221 ΕΤ
1068 1163 1250 1240 mus
1292 1127 1788 1254 comunem,

763 1325 1206 1394 VIRISQUE
1246 1323 1954 1384 consumamus.

1261 1493 1467 1520 ω--.-

569 1967 778 2030 Venio
807 1966 888 2030 'ad
936 1986 1050 2030 vos
1095 1971 1391 2032 extremo
1437 1965 1681 2042 labore,
1718 1968 1947 2030 summi
1977 1964 2275 2030 custodes

437 2091 684 2173 antiqui
738 2091 1010 2154 nominis
1063 2092 1128 2154 in
1182 2088 1530 2174 Republica
1576 2088 1945 2154 sobrietatis
1995 2093 2271 2154 vestrae.

435 2213 747 2298 Quidquid
781 2214 930 2292 lusi,
963 2213 1266 2298 quidquid
1299 2218 1702 2300 compactum
1733 2212 1875 2278 dedi
1908 2215 2180 2278 senariis
2204 2219 2278 2304 et·
2361 2263 2367 2267 .
2399 2250 2407 2260 ·

433 2339 634 2424 elegis
682 2339 876 2426 (quod
919 2341 1080 2406 satis
1127 2359 1440 2425 superque
1484 2339 1687 2404 videri
1734 2339 1869 2424 jam
1922 2337 2147 2424 possit)
2194 2359 2271 2403 eo

433 2463 700 2531 consilio
729 2463 882 2545 feci,
915 2470 991 2531 ut
1030 2463 1364 2551 disciplina
1394 2465 1655 2532 moralis
1687 2485 1800 2551 per
1830 2463 2273 2543 lucubratiun-

431 2588 611 2654 culas
655 2588 1030 2675 plerumque
1077 2589 1303 2655 breves
1348 2589 1853 2656 adolescentium
1899 2591 2129 2657 animis
2168 2592 2273 2655 in-

429 2713 702 2790 stillata,
759 2716 1118 2781 incuriosae
1172 2716 1408 2781 aetatis
1463 2717 1814 2799 nequitiam
1868 2714 2259 2779 emendaret.

429 2839 570 2905 Non
616 2838 756 2904 su'm
805 2843 1056 2905 nescius
1101 2845 1343 2924 quanto
1375 2844 1509 2905 stet
1554 2859 1897 2906 occurrere
1940 2858 2269 2905 commen-

427 2964 514 3027 tis
542 2962 1020 3029 adversantium
1051 2966 1418 3053 opinionum
1438 3015 1453 3042 ‚
1504 2966 1569 3029 in
1615 2964 1929 3041 studium,
1962 2982 2037 3030 ac
2084 2968 2263 3030 tute-‘-

427 3087 554 3153 lam
603 3088 867 3152 Divinae
911 3088 1248 3155 Veritatis,
1301 3090 1444 3173 Ego
1489 3109 1645 3153 vero
1678 3088 1957 3154 infracto
2008 3092 2267 3173 pectore

428 3211 575 3277 odia
620 3210 900 3297 ejusdem
955 3214 1171 3299 omnia
1215 3212 1416 3279 libens
1462 3214 1685 3279 volens
1730 3214 1797 3277 in
1826 3232 1927 3277 me
1958 3214 2262 3299 suscipi03

429 3335 599 3401 haud
654 3338 1020 3415 immemor,
1073 3335 1308 3403 fabulis
1360 3337 1644 3422 politicis
1697 3338 1841 3404 utili
1896 3339 2265 3403 temeritate

427 3480 614 3527 usum
641 3461 837 3529 fuisse
866 3465 1064 3530 etiam
1098 3463 1548 3531 Acestoridam
1585 3463 1690 3551 (de
1718 3484 1847 3549 quo
1869 3434 2167 3531 'Photius
2198 3467 2265 3530 in

431 3584 590 3650 Bibl.
617 3586 711 3652 Cl.
737 3588 896 3674 IV.)‚
921 3590 1106 3677 quus
1131 3589 1326 3655 libros
1358 3590 1789 3657 aemulatione
1810 3589 2083 3677 quadam
2109 3591 2265 3657 doc-

430 3710 640 3775 trinae
661 3715 982 3797 persecuti
1003 3708 1158 3781 sunt
1183 3714 1428 3791 Conon,
1455 3715 1903 3800 Apollodorus
1927 3702 2259 3793 Nicolaum

427 3854 660 3919 easque
705 3855 790 3899 ex
837 3839 1205 3905 recensione
1253 3838 1607 3905 Alexandri
1654 3840 2045 3928 philosophi,
2096 3843 2261 3907 Pro-

430 3963 693 4045 tagoras
727 3961 1072 4043 Democriti
1108 3962 1456 4052 discipulus
1488 3968 1807 4052 exposuit.
