2996 4935
1297 611 1579 663 sussum.
2288 597 2359 651 41

650 730 756 796 Qui
781 729 1002 787 tentare
1031 728 1212 788 lutum
1235 728 1376 801 pede
1405 728 1555 799 vult,
1582 727 1900 787 lutulentus
1927 728 2125 787 abibit.

722 836 922 895 Nonne
948 836 1110 894 dabit
1135 836 1350 895 laesam
1379 850 1547 895 scena
1581 834 1951 909 pudicitiam?

527 1074 720 1132 xvulI.
985 1074 1074 1131 IN
1113 1057 1490 1134 unimam
1538 1074 1887 1145 FncA'rAS.

431 2633 610 2685 gyxx.

651 1218 812 1286 QUAE
847 1216 1051 1276 faciem
1074 1218 1351 1277 inducunt
1374 1217 1532 1290 fuco,
1555 1219 1615 1275 et
1636 1195 1875 1277 candore
1901 1218 2149 1277 nitentes

722 1323 864 1383 Esse
890 1324 1104 1395 volunt,
1131 1326 1321 1384 succis
1346 1323 1717 1396 inficiantque
1745 1340 1961 1394 comaS,
2066 1368 2079 1401 ἱ

649 1431 900 1491 Alteram
926 1433 997 1491 ab
1021 1432 1241 1505 ingenii
1266 1433 1544 1490 venantur
1571 1431 1824 1490 acumine
1856 1432 2091 1493 formam

721 1540 993 1609 Induere,
1019 1540 1186 1611 atque
1211 1538 1392 1597 oculis
1417 1538 1718 1598 aedificare
1745 1538 1924 1598 dolos.

647 1647 926 1705 Mirantur
949 1644 1098 1719 quod
1123 1645 1299 1715 adest,
1325 1644 1545 1717 decepti
1570 1645 1769 1703 fraude
1795 1646 2061 1715 colorum,

717 1751 890 1821 Queis
923 1752 1182 1811 retulisse
1206 1753 1374 1825 putat
1397 1750 1633 1822 femina,
1660 1753 1808 1825 quod
1837 1751 2035 1811 fuerat.

647 1858 756 1917 Sed
782 1858 936 1917 color
958 1858 1140 1917 omnis
1165 1858 1339 1916 habet
1364 1860 1755 1932 (quantumvis
1781 1860 2028 1919 callidus
2056 1862 2241 1935 extra)

723 1964 882 2033 Quod
905 1964 1052 2022 male
1077 1980 1288 2037 rugosa
1311 1964 1455 2036 pelle
1480 1966 1712 2024 senecta
1734 1968 1910 2039 tegat.

646 2102 716 2115 —
742 2070 840 2128 Bis
864 2086 1004 2143 puer
1027 2072 1114 2129 est
1137 2070 1345 2129 senior:
1365 2102 1436 2111 —
1457 2071 1556 2128 sed
1586 2086 1729 2129 anus
1754 2088 1867 2130 non
1896 2073 2104 2132 dicitur
2132 2092 2252 2135 esse

721 2178 892 2237 Posse
917 2176 1300 2248 repubescens.
1329 2176 1492 2247 Fata,
1521 2174 1777 2249 Deusque
1802 2178 2015 2235 vetant.

645 2286 902 2357 Namque
926 2284 1135 2343 bonum
1160 2298 1380 2367 semper
1402 2283 1659 2356 pulcrum
1685 2285 1800 2341 est:
1820 2286 2060 2345 abeunte
2083 2287 2312 2359 pudore,

712 2392 860 2452 Raro
883 2392 1087 2451 bonum
1113 2390 1174 2447 in
1199 2389 1394 2462 pulcro
1421 2391 1533 2460 est,
1550 2406 1715 2462 quem
1738 2390 1909 2465 fugat
1935 2395 2056 2453 arte
2082 2394 2249 2453 color.

1232 2614 1651 2674 PENELOPE.

639 2760 730 2816 As
754 2760 836 2816 sit
857 2759 1153 2830 Penelope,
1171 2774 1339 2830 quam
1366 2758 1565 2819 fabula
1586 2761 1784 2818 narrat
1805 2759 2057 2828 Homeri,

711 2864 873 2923 Inter
896 2863 1232 2922 anhelantes
1258 2864 1365 2922 sub
1388 2879 1494 2922 sua
1518 2865 1670 2923 tecta
1696 2881 1893 2936 procos
1909 2909 1924 2935 ‚

641 2971 821 3043 UnuS,
849 2974 908 3030 et
930 2970 1075 3029 alter
1099 2970 1260 3027 adest
1283 2971 1536 3028 veterum
1564 2971 1819 3031 dubitare
1844 2972 2156 3046 malignus3

717 3053 933 3136 Penei-e
956 3093 1084 3135 nam
1109 3077 1314 3149 potuit,
1337 3092 1477 3149 qnos
1505 3093 1735 3148 operosa
1764 3078 1922 3135 tulit:

641 3183 850 3259 Debuit
873 3184 1041 3242 immo
1065 3184 1232 3242 etiam
1251 3227 1266 3252 ‚
1287 3183 1712 3256 multiplicitate
1738 3185 1939 3256 pericli

717 3289 803 3347 Ne
829 3290 1072 3350 caderet.
1101 3290 1272 3348 Telae
1295 3292 1627 3362 perpetuum
1652 3291 1839 3350 obstet
1863 3307 2023 3364 elme,

631 3387 993 3468 ‘Propositum
1017 3399 1074 3454 et
1097 3395 1226 3454 fidei
1255 3401 1539 3466 constanS,
1566 3397 1800 3456 absente
1826 3398 2054 3458 marito:

715 3504 822 3561 Ast
847 3503 1176 3562 ancillarum
1205 3503 1484 3564 desidiosa
1511 3520 1706 3564 manus

641 3609 848 3668 Pervia
871 3610 1164 3669 blanditiis
1191 3610 1336 3681 erat,
1359 3611 1695 3684 insidiisque
1721 3628 2035 3684 procorum,

711 3717 826 3776 Sub
851 3717 1008 3774 canis
1028 3717 1290 3775 excubias
1317 3716 1446 3789 (hoc
1473 3719 1531 3776 et
1555 3718 1832 3776 Homerus
1859 3719 2076 3791 habet).

639 3824 776 3892 Quis
801 3824 910 3882 scit
933 3826 1004 3882 ab
1029 3822 1297 3895 exemplis
1323 3824 1480 3881 fieret
1504 3840 1681 3882 nurus
1714 3841 1869 3894 anne,
1887 3825 2110 3888 Laertis

713 3930 902 4000 Casta,
925 3931 1018 3988 vel
1045 3931 1172 4003 ipsa
1197 3931 1374 3989 minor
1399 3931 1569 3992 laude
1597 3932 1940 4003 pudicitiae?
2034 3971 2039 3976 -
