2996 4935
691 639 750 679 Vl

688 750 964 817 habetur
1012 772 1128 836 pro
1177 750 1411 817 indicio
1459 771 1617 837 pene
1664 750 2037 837 exploratae
2076 755 2225 837 spei.
2260 752 2421 821 Item
2451 761 2521 818 et

685 878 994 941 memoria
1023 876 1184 963 (qua
1203 876 1390 941 facile
1420 895 1798 961 superamur
1828 896 1867 941 a
1897 874 2185 965 canibus)
2217 894 2517 961 magnam

686 1005 902 1066 movet
933 1000 1024 1065 =de
1072 1000 1382 1086 discipulo
1425 1002 1653 1084 quovis
1702 1002 2235 1086 expectationem.
2272 996 2515 1066 Verum

684 1125 971 1211 profecto
1001 1130 1126 1203 est,
1161 1144 1278 1191 nos
1324 1110 1580 1191 tantum
1614 1126 1778 1190 scire
1822 1130 2131 1209 quantum
2174 1127 2515 1192 memoriae

684 1252 1080 1328 mandamuS‚
1129 1250 1238 1314 sed
1284 1244 1648 1317 reminisci
1678 1251 1859 1332 quasi
1912 1249 2181 1334 gradum,
2214 1255 2407 1335 atque
2438 1272 2514 1317 a-

679 1376 854 1442 ditus
899 1383 1002 1442 est
1049 1375 1130 1441 ad
1174 1374 1686 1459 intelligentiam.
1736 1375 2079 1439 Reminisci
2128 1380 2372 1453 autem,
2424 1396 2510 1441 ex

677 1503 990 1567 Varronis
1041 1502 1362 1566 sententia
1383 1551 1398 1577 ,
1452 1502 1707 1586 proprie
1756 1505 1886 1565 est:
1944 1518 2022 1565 ea
2073 1519 2235 1585 quae
2294 1506 2511 1568 tenuit

676 1648 880 1705 mens,
913 1647 990 1692 ac
1021 1630 1353 1719 memoria,
1387 1628 1678 1709 cogitare
1709 1630 1777 1691 et
1816 1610 2163 1709 cogitando
2192 1632 2499 1713 repetere.

585 1759 598 1799 s
673 1754 884 1836 Atque
915 1752 1074 1817 haec
1121 1750 1426 1827 facultas,
1465 1749 1663 1835 juxta
1695 1750 2137 1829 Aristotelem,
2186 1752 2505 1843 praeludit

671 1877 949 1961 ingenio,
969 1872 1240 1958 bonique
1259 1879 1533 1940 eventus
1558 1892 1729 1960 spem
1754 1873 1890 1952 alit,
1916 1869 2109 1958 atque
2132 1874 2497 1962 amplificat.

705 1991 710 1996 ’
802 2000 1087 2075 Quadam
1134 2002 1339 2085 igitur
1381 2001 1723 2083 iniquitate
1754 2000 2113 2085 palaestrae
2144 1997 2501 2066 litterariae

668 2121 977 2191 memoria
1009 2114 1138 2209 ‘qui'
1189 2130 1357 2189 nunc
1409 2128 1748 2210 praestant
1792 2124 2204 2208 'aequalibuS‚
2252 2128 2503 2211 opinio-
2544 2199 2557 2217 N

670 2266 814 2314 nem
865 2250 1104 2333 ingenii
1137 2248 1284 2313 dum
1319 2227 1619 2335 captant,
1654 2236 2039 2316 destinatam
2081 2250 2501 2317 excellentiae
2556 2237 2564 2246 x

663 2372 916 2439 laudem
963 2375 1284 2460 arripiunt
1329 2377 1406 2439 ut
1451 2385 1651 2448 suam.
1702 2374 1837 2440 Nec
1881 2376 2090 2440 minus
2138 2376 2342 2471 fallax
2396 2381 2499 2442 est

654 2498 966 2584 judicium
1011 2518 1268 2575 eorum,
1324 2501 1431 2582 qui
1477 2499 1826 2584 disciplinis
1858 2481 2331 2571 mathematicis
2369 2504 2495 2567 im·—

666 2620 946 2687 buendos
991 2638 1132 2686 esse
1176 2641 1408 2707 pueros
1453 2628 1746 2702 censent,
1794 2627 1974 2707 quasi
2010 2626 2091 2690 ab
2118 2629 2255 2712 ipsa
2283 2607 2512 2691 infan?

617 2825 626 2830 ‚
661 2748 784 2824 tia3
832 2765 1054 2832 nempe
1101 2753 1176 2813 ut
1220 2748 1286 2813 in
1329 2747 1726 2814 obscuritate
1758 2769 1973 2814 rerum
2007 2771 2122 2836 per
2152 2743 2495 2836 impetrata

659 2872 970 2956 principia
1015 2872 1466 2956 procedentes,
1516 2873 1905 2939 humanitati
1940 2874 2401 2940 obsurdescant
2427 2873 2487 2939 *.

714 3004 896 3070 Nemo
914 3009 1348 3070 mathematicus
1374 3011 1605 3085 genium
1628 3010 1983 3072 indemnatus
2001 3011 2249 3072 habebit.
2266 3013 2438 3086 (Juv.)

790 3155 888 3222 Sit
937 3157 1107 3235 ide0‚
1141 3158 1597 3224 consultissimi
1647 3161 1797 3235 viri,
1849 3180 2080 3224 munus
2125 3161 2488 3246 religioniS‚

743 3441 766 3462 ⁴⁴·
800 3440 942 3489 Dalla
963 3438 1114 3490 bocca
1135 3440 1214 3490 dell
1229 3457 1269 3491 s.
1285 3441 1431 3492 Roux
1447 3444 1611 3492 antico
1628 3443 1905 3506 professore
1920 3443 1973 3493 di
1990 3446 2342 3494 matematiche
2362 3461 2499 3504 sono,

603 3514 606 3517 ’
655 3513 866 3568 raccolte
897 3519 942 3568 le
971 3520 1195 3583 seguenti
1227 3521 1490 3571 riflessioni
1522 3521 1574 3570 di
1607 3515 1913 3572 G.'·F'ourier
1933 3525 2205 3587 segretario
2237 3534 2475 3590 perpetuo

653 3597 1083 3650 dell'Accademla
1111 3599 1242 3649 delle
1271 3601 1470 3650 Scienze
1503 3616 1593 3666 per
1624 3601 1672 3652 la
1702 3602 1910 3652 Sezione
1938 3602 2067 3652 delle
2098 3604 2291 3654 scienze
2322 3611 2510 3656 mate-‘

655 3678 887 3727 matiche.

671 3757 678 3764 '
723 3757 728 3764 ’
749 3755 832 3817 (V.
853 3759 1156 3808 Benesattori
1179 3760 1298 3810 dell'
1317 3759 1573 3812 Umanita:
1599 3761 1717 3813 Vite
1732 3763 1979 3814 eRitratti
2000 3763 2134 3828 degli
2158 3765 2346 3814 nomini
2368 3765 2476 3815 utili

654 3837 765 3887 Vol.
797 3837 857 3898 11,
891 3853 1002 3901 pag.
1033 3839 1140 3890 538.
1171 3841 1384 3890 Firenze
1415 3842 1476 3892 Ε.
1511 3843 1753 3906 Vignozzi
1787 3843 1944 3906 1843.)

743 3936 770 3961 «ι
787 3917 900 3966 Non
923 3918 970 3967 vi
995 3933 1116 3967 sono
1148 3921 1345 3971 barbari
1381 3922 1464 3985 piu
1495 3922 1739 3985 grandim.
1761 3924 1853 3972 che
1875 3924 1992 3974 certi
2020 3925 2344 3976 matematici:
2377 3925 2474 3974 essi

653 4013 680 4040 «
701 4013 796 4046 non
829 3991 1136 4062 apprezz'ann
1166 3999 1258 4047 elie
1291 4001 1336 4048 le
1374 4001 1745 4062 matematiche‚
1762 4017 1789 4049 e
1811 4005 2112 4054 vorrebbero
2137 4003 2227 4053 che
2248 4004 2293 4053 cl
2316 4004 2357 4052 si
2384 4019 2474 4067 ap-
