2996 4935
669 765 786 798 XXV.

1342 612 1401 654 Δ.
1437 609 1494 654 'G-
1535 609 1859 656 rnamxocn

1257 741 1484 818 'RUPES
1538 759 1627 816 m·
1676 713 1924 824 visens
1974 759 1981 767 ·
2178 723 2186 730 ’
2258 809 2265 816 .

807 884 1001 940 Rupes
1041 881 1286 941 imm-ota
1323 881 1565 941 videbat
1598 882 1795 956 pisces
1830 897 2089 958 aequore

809 969 976 1030 Circa
1011 985 1074 1030 se
1111 969 1308 1030 varios
1343 973 1509 1044 quasi
1550 970 1794 1030 choreas
1830 971 2077 1043 ducere,

808 1058 1176 1120 Desideravit
1209 1063 1270 1120 et
1305 1062 1569 1131 moveri,
1610 1061 1887 1135 propriae

808 1148 1102 1210 Deficiens
1133 1165 1168 1209 a
1204 1153 1449 1210 naturae
1489 1151 1798 1224 primaevo
1834 1154 2013 1210 statu.

813 1238 1130 1314 Obstupuit
1165 1243 1437 1310 Proteum,
1476 1240 1628 1299 muti
1666 1241 1767 1314 qui
1810 1243 2015 1300 custos
2050 1242 2250 1315 gregis

813 1330 935 1389 Ait:
970 1329 1242 1390 —·Facis
1278 1329 1390 1389 hoc
1427 1333 1667 1403 argute,
1700 1329 1819 1404 jam
1861 1345 1971 1390 nec
2004 1331 2180 1390 serio.

807 1423 898 1478 An
940 1417 1188 1478 irridere
1224 1418 1509 1479 fluctibus
1547 1422 1604 1479 te
1644 1420 1932 1494 poenitet,
2052 1439 2057 1442 ·

815 1512 972 1578 Quos
1010 1507 1114 1566 das
1151 1507 1435 1568 retractos
1475 1507 1639 1566 mole·
1668 1508 2003 1568 consistens
2040 1511 2181 1568 tua?
2216 1519 2221 1526 ·

814 1598 872 1656 Si
911 1595 1092 1671 piscis
1131 1596 1334 1668 flereS,
1373 1597 1693 1656 multitudo
1732 1600 1839 1658 aut·
1872 1599 2158 1672 piscium,
2240 1632 2247 1640 ·

815 1686 1170 1754 Ventorum,
1207 1689 1266 1746 et
1303 1686 1493 1745 undae
1533 1687 1597 1744 tu
1636 1685 1959 1744 ludibrium
1996 1686 2175 1746 foi-ess
2210 1717 2307 1731 --

882 1774 1046 1833 Haud
1083 1774 1256 1834 aliter
1288 1778 1434 1835 sunt
1473 1775 1755 1837 monendi
1794 1775 1997 1848 piures
2032 1775 2265 1835 ordinis
2344 1795 2351 1802 ·

816 1866 878 1922 ln
920 1862 1065 1922 urbe
1103 1864 1352 1936 summi,
1391 1878 1543 1939 quos
1581 1865 1903 1924 auctoritas
1941 1861 2155 1925 vetus'
2216 1887 2223 1895 ·

816 1953 1010 2026 Vulgo
1036 1953 1322 2025 secernit,
1363 1955 1490 2028 ejus
1529 1956 1589 2013 et
1628 1955 1849 2015 involvi
1890 1955 2044 2026 tuto,

821 2046 905 2102 Ac
942 2043 1222 2104 sordibus
1259 2059 1378 2104 non
1415 2043 1691 2105 dubitant
1723 2045 2131 2106 contubernii.

683 2276 820 2320 xxvi.
1199 2277 1486 2337 ORATOR
1534 2280 1624 2335 ΕΤ
1672 2278 1974 2336 RHETOR.

823 2399 1471 2473 Omma-affirmabat,
1512 2415 1577 2460 se
1618 2415 1917 2473 nunquam
1956 2399 2120 2475 loqui

823 2492 1054 2551 Diserte
1091 2504 1266 2566 posse
1304 2492 1430 2549 sine
1470 2490 1673 2549 multis
1712 2489 2138 2565 praesentibus
2152 2510 2169 2563 ;

825 2579 1162 2639 celebritati
1201 2580 1502 2639 serviebat
1539 2594 1679 2639 nam
1716 2593 1875 2639 suae.

823 2702 896 2712 —
929 2669 1166 2751 {flacere
1203 2670 1408 2741 paucis
1445 2672 1713 2745 praestat
1748 2670 2203 2729 aestimantibus

821 2759 1094 2819 Meritum
1131 2759 1460 2819 doctrinae:
1500 2788 1574 2803 ·-·
1606 2760 1759 2821 dixu
1792 2762 1999 2821 rhetor
2034 2761 2261 2821 inscius

828 2852 1364 2921 pronunciationis,
1401 2852 1507 2911 sed
1549 2852 1813 2926 paratior
2286 2870 2294 2878 ·

825 2939 1285 3013 Disciplinarum
1321 2939 1543 2999 studiis
1580 2956 1717 2999 cum
1750 2940 2055 3003 modestia.

830 3029 1254 3104 Quodcumque
1291 3044 1515 3105 corpus
1552 3030 1823 3093 umbram
1865 3029 2101 3106 projicit
2136 3044 2331 3101 suam,
2378 3022 2396 3093 ’.

832 3122 990 3189 Quas
1027 3118 1183 3179 iuter
1217 3119 1362 3179 clari
1410 3120 1476 3179 ῆι
1505 3119 1739 3194 iactura
1779 3121 2075 3191 nominis,
2378 3124 2387 3133 ’

831 3209 1190 3284 opinionum
1228 3224 1433 3284 pugna*
1463 3210 1817 3273 inevitabiii.
1878 3246 1883 3253 ·

903 3301 996 3360 Sic
1032 3303 1340 3361 oratorum
1380 3301 1637 3377 piurima
1672 3304 1767 3361 est
1801 3299 2137 3370 successio,

836 3392 1057 3450 Eorum
1095 3389 1197 3449 sed
1235 3392 1558 3466 propagine
1593 3391 1797 3449 brevis
1832 3390 2139 3449 memoria.

700 3622 854 3666 xxva·
1101 3599 1136 3686 ,’
1257 3586 1615 3683 ‘siciamus
1664 3624 1754 3686 ET
1807 3622 1967 3686 FUR-

839 3750 1121 3807 sunam
1158 3748 1220 3807 in
1257 3748 1462 3809 eadem
1487 3746 1899 3823 »poenitentiae
1940 3755 2121 3807 mora
2158 3782 2163 3789 -

843 3838 1102 3898 Sicarius
1141 3838 1489 3902 manifestus
1525 3837 1870 3897 testimonio
1888 3875 1905 3906 ‚
1924 3835 2023 3895 -et-

844 3932 963 3987 Fur
1001 3928 1274 3987 maximis
1310 3928 1577 3999 indicite,
1617 3926 1721 3987 sed
1760 3926 1916 3987 uuita
1955 3923 2123 3983 nuen-

845 4018 1111 4078 Videntis
1149 4019 1208 4077 in
1247 4019 1480 4079 occuito
1518 4016 1715 4093 qualia
1750 4014 2119 4093 patraverit:
2170 4042 2191 4053 ·-

847 4108 984 4168 lude
1021 4107 1398 4169 innocent-em
1437 4122 1503 4167 se
1536 4106 1811 4174 diceban
1838 4104 2065 4180 judices
2134 4104 2163 4144 ·'
2240 4123 2247 4131 ·
2280 4113 2285 4125 ’
