2996 4935
679 546 746 593 70

678 1317 764 1357 ml.

689 2740 792 2781 mil.

1329 555 1390 596 A.
1428 555 1480 598 C.
1520 555 1839 599 FERva-cu

815 644 1268 704 Reformidatam
1295 645 1599 719 -piscihuS,
1638 661 1704 706 ac
1741 649 2031 708 testaceis,
2088 641 2097 650 '

812 733 1020 808 Biceps
1059 733 1162 792 sed
1200 733 1290 792 ille
1328 735 1556 793 minimi
1594 734 1763 794 duxit
1800 735 2052 795 indolem
2100 763 2103 768 ·

814 820 954 894 Ejus
991 821 1330 882 fulmineam
1345 843 1362 895 ;
1403 824 1594 898 potuit
1630 825 1731 898 qui
1772 825 2094 895 divertere,
2224 901 2229 906 ⁸

813 909 966 969 Tulit
1001 912 1060 968 et
1081 911 1339 970 incursu
1377 911 1507 970 fieri
1546 913 2013 974 semimortuum.
2048 945 2121 956 -
2188 939 2197 950 ·

883 999 1174 1058 Habemus
1211 1000 1382 1060 hodie
1419 999 1807 1074 confligentes
1840 1003 2061 1078 dispari

811 1089 1054 1158 Natura,
1092 1090 1440 1148 temeritatis
1477 1090 1683 1148 eodem
1722 1093 1781 1149 et
1816 1093 1993 1150 exitu.

1260 1321 1573 1379 MYRICAE
1623 1323 1709 1378 ET
1752 1324 1961 1381 JUNCI.

815 1444 1108 1500 MYchss'
1131 1444 1366 1502 steriles
1402 1445 1703 1504 incurvari
1744 1447 1977 1506 nesciae

818 1532 1138 1592 confertim
1175 1533 1509 1606 cogitarunt
1546 1533 1617 1592 de
1658 1551 1720 1593 re
1753 1534 1965 1608 juncea

819 1623 1017 1694 Longe
1055 1622 1284 1695 lateque
1323 1637 1430 1695 per
1468 1622 1735 1697 paludem
1774 1624 1959 1686 didita

816 1709 990 1769 Plane
1028 1711 1433 1785 exstirpanda,
1473 1712 1529 1768 vi
1569 1712 1760 1771 secere
1798 1714 1859 1771 et
1890 1713 2119 1770 ullibiz·

817 1798 988 1857 Palus
1025 1799 1127 1858 sed
1163 1799 1354 1857 alebat
1391 1799 1743 1859 obstinatius
1778 1802 1977 1870 sua'm,

818 1885 1158 1946 infirmabat
1195 1892 1256 1946 et
1291 1887 1541 1947 humore
1576 1889 1827 1954 audaces
1864 1889 2105 1962 aggredi

824 1977 1038 2034 Contra
1069 1974 1166 2049 jus
1204 1980 1679 2036 succrescentem
1719 1978 2174 2036 multitudinem.
2267 1979 2295 2000 ·’

894 2063 1108 2124 Fabula
1147 2055 1785 2141 narratur-conjuratis
1821 2066 2075 2125 fortibus

820 2155 1080 2213 Humiles
1118 2155 1515 2214 exterminare
1555 2156 1980 2230 praevalentia:

819 2245 962 2302 Nam
1005 2241 1191 2317 maJ'or
1229 2245 1287 2305 in
1325 2242 1620 2302 debilibus
1658 2257 1787 2312 esse
1826 2244 1993 2317 copia

822 2331 979 2390 Solet
1013 2332 1305 2390 foeturae:
1345 2331 1505 2405 quod
1542 2331 1590 2388 si
1634 2329 1874 2404 possent
1909 2332 2143 2405 assequi

827 2424 1078 2495 Usquam
1119 2435 1380 2494 unquam
1419 2421 1630 2490 forteS‚
1671 2423 1735 2479 ut
1774 2421 2317 2495 periret-fundituS,

826 2510 944 2583 Ipsi
982 2510 1266 2568 continuo
1303 2523 1368 2567 se
1405 2509 1783 2587 destruerent
1808 2509 2102 2569 invicem.-
2174 2590 2185 2603 .
2244 2528 2249 2531 ·

1305 2740 1484 2797 Fons
1514 2743 1619 2819 ,ΕΤ
1668 2743 1906 2799 paens.
2012 2722 2016 2727 ’

827 2867 934 2923 Ian
972 2864 1314 2935 inscienteS,
1353 2864 1449 2923 alii
1489 2867 2067 2938 quammonstrant',
2106 2865 2259 2923 viam
2306 2888 2329 2905 ..
2386 2884 2391 2895 ·

830 2954 1036 3012 Tutius
1072 2954 1189 3023 est,
1226 2953 1384 3011 solos
1421 2968 1595 3027 quam
1634 2954 2057 3029 tentare-quod
2093 2968 2311 3013 novum
2355 2962 2361 2969 ·

830 3045 1025 3103 Possit
1062 3043 1245 3101 videri
1287 3040 1988 3119 prospera'experientia.
2060 3060 2066 3066 ·
2292 3060 2300 3067 ·

899 3138 1086 3206 Pagus
1125 3132 1277 3207 apud
1310 3132 1523 3193 collem
1561 3134 1739 3193 fontis
1776 3136 1945 3208 aquis
1984 3132 2291 3192 illimibus·
2342 3158 2349 3167 ·

833 3220 1132 3282 Gaudebat
1167 3222 1458 3294 obsignati
1475 3220 1492 3291 ,’
1528 3218 1600 3287 ne
1638 3223 1770 3295 quis
1811 3222 2043 3280 invidus

835 3314 1081 3373 Mutaret
1117 3311 1387 3370 haustum
1428 3312 1612 3369 limite
1653 3310 2139 3368 saluberrimume
2184 3338 2191 3346 .

834 3402 972 3460 Ideo
997 3400 1420 3467 ,celebrabatur
1455 3401 1691 3458 ostentu
1731 3412 1913 3456 sacer.

836 3491 1009 3549 Venit
1047 3482 1248 3549 trabali
1291 3486 1525 3547 terebra
1559 3490 1662 3560 qui
1702 3486 1919 3545 feriens
1958 3485 2149 3546 solum

741 3612 744 3615 ⁴
836 3583 1034 3653 Aquae
1071 3577 1422 3637 beneficium
1461 3574 1933 3649 amplificandum
1974 3574 2226 3634 diceret-

837 3672 1018 3732 Puteo
1053 3666 1296 3727 saliente
1335 3664 1622 3724 scatebris
1660 3680 1691 3723 a
1730 3664 2066 3723 reconditis.

838 3743 998 3817 Tunc
1036 3757 1190 3815 aruit
1226 3772 1304 3815 ex
1343 3755 1583 3813 invento
1622 3753 1784 3813 fons:
1822 3757 1882 3812 et
1919 3754 2081 3829 copia

841 3847 1247 3906 Salubritatem
1289 3844 1545 3920 perdidit
1582 3844 1945 3918 palustribus

843 3923 1241 3996 Contaminata
1278 3937 1471 4005 veniS,
1511 3934 1570 3991 in
1610 3934 1947 4007 contagium
2060 3936 2063 3942 '

841 4026 1005 4097 Pagi,
1043 4025 1143 4097 qui
1181 4024 1316 4083 felix
1354 4024 1547 4083 fuerat
1582 4027 1773 4093 antea,
1812 4022 2041 4080 modice

846 4118 1006 4185 Aqua
1045 4116 1280 4185 erogata
1320 4112 1641 4186 quemlibet
1683 4112 1739 4169 in
1778 4126 1952 4169 usum
1989 4109 2218 4167 domus.
