2996 4935
948 649 1316 694 FABULARUM
1352 651 1534 696 LIBER
1570 653 1679 694 xil.

541 740 888 799 combibere
925 743 985 798 et
1020 740 1264 799 auribus
1302 741 1627 801 ineffabiles
1665 755 1842 802 sonos

541 831 749 888 Coram
789 830 1062 902 malignis
1102 831 1302 888 nescio
1340 831 1775 898 conticescere,

537 921 654 977 Nec
692 919 835 976 mibi
875 919 961 978 fas
997 919 1178 978 duco:
1218 919 1305 978 sic
1346 920 1503 978 enim
1545 918 1847 982 desiderat
1924 975 1931 982 .

540 1009 725 1066 Vetus
762 1007 1021 1067 amicitia
1060 1007 1152 1066 vel
1194 1002 1330 1082 post
1365 1009 1599 1090 eineres
1639 1011 1845 1072 vivida.

610 1097 992 1170 Plerumque,
1032 1110 1205 1172 posse
1243 1098 1345 1170 qui
1384 1097 1701 1171 desperant
1740 1100 1979 1160 vincere

537 1185 796 1245 Sublime
835 1187 1136 1260 ingenium
1175 1201 1360 1261 supra
1395 1190 1667 1262 captum,
1707 1189 1817 1248 vel·
1841 1187 2013 1250 fldem
2094 1201 2107 1232 -·

539 1277 797 1336 Summis
835 1280 894 1334 et
931 1277 1065 1336 imis
1103 1291 1484 1338 communem
1523 1265 1897 1347 mortalium,

537 1359 780 1422 Multum
820 1365 1099 1426 latrantes
1135 1364 1263 1440 ejus
1301 1365 1372 1426 ad
1411 1367 1813 1440 sculponeas,

539 1455 872 1527 vestigant,
911 1456 1060 1519 talos
1099 1455 1328 1514 laedere
1369 1455 1434 1514 si'
1461 1469 1669 1515 morsu
1701 1458 1937 1530 queant.

538 1543 629 1601 Sic
671 1545 916 1616 positam
961 1545 1178 1616 turrim
1218 1544 1486 1606 fluminis
1524 1545 1813 1606 oblimant
1849 1561 2035 1620 aquae

539 1634 782 1706 Semper
819 1635 1138 1704 inutiliter,
1174 1649 1430 1705 namque
1466 1634 1623 1714 mole
1662 1637 1779 1694 slat
1816 1647 1953 1706 sua,

538 1721 704 1782 Ridet
735 1723 1085 1804 tremenleS,
1125 1723 1282 1785 ridet
1315 1727 1376 1783 et
1414 1724 1903 1785 tumidas-simul.

609 1815 698 1872 An
737 1815 837 1886 qui
879 1816 1153 1876 naturam
1191 1828 1378 1888 prope
1417 1814 1713 1874 redimere
1750 1814 1957 1878 debuit

534 1901 624 1960 Ab
661 1903 927 1961 artificiis
965 1903 1432 1977 depravantibus
1453 1903 1695 1964 ambitu
1734 1927 1739 1932 ·
1830 1927 1835 1932 ’

531 1991 714 2052 ‚Melos
735 1992 1016 2050 ,divinum
1055 1991 1286 2062 afflatu‚·
1316 1990 1661 2065 ,iucundum
1684 1994 1877 2054 modis
1892 2041 1905 2064 ‚

537 2081 608 2138 Ut
644 2094 673 2136 a
711 2081 960 2144 theatris
997 2083 1208 2144 cantus
1243 2080 1567 2143 delectatio

535 2168 884 2228 Eliminaret
917 2183 1194 2229 somnum
1234 2169 1501 2230 intusum
1542 2170 1773 2230 naeniis
1787 2193 1803 2242 3

540 2261 626 2316 An
668 2257 763 2316 hic
802 2272 1008 2318 vacare
1048 2257 1262 2318 officiis
1299 2259 1479 2318 etiam
1520 2258 1743 2319 debuit

539 2346 849 2416 CivilibuS,
889 2347 980 2405 vel
1020 2349 1214 2420 potuit
1252 2346 1310 2406 in
1351 2347 1696 2412 discrimine

539 2436 894 2511 opinionum
935 2436 1091 2495 inter
1127 2449 1192 2495 se
1231 2435 1683 2511 confligentium
1708 2480 1725 2509 ,

536 2526 677 2585 Belli
717 2528 996 2601 pacisque
1035 2526 1216 2587 rebus
1257 2528 1712 2587 incertissimis?

537 2616 806 2675 Valeant!
845 2618 1201 2691 quicumque
1242 2618 1414 2679 talem
1454 2621 1514 2676 et
1553 2621 1781 2679 tantum
1822 2635 2065 2695 carpere

535 2706 836 2765 Mordaces
871 2708 1089 2767 audent
1123 2706 1407 2787 dentibus
1445 2708 1595 2767 elusi
1634 2722 1840 2781 canes3
1901 2758 1907 2763 .
1990 2720 1996 2729 ·

537 2798 830 2864 Quaerant
865 2798 924 2854 et
961 2794 1074 2855 alio
1111 2796 1265 2867 quod
1301 2810 1371 2854 se
1411 2797 1685 2869 porrigat
1719 2798 1923 2857 minus

537 2887 656 2942 Hoc
695 2898 827 2943 osse
865 2884 1083 2943 durum
1119 2884 1768 2964 defixis-confringere.

607 2976 769 3033 AElas
809 2976 1146 3033 revertetur
1187 2974 1429 3035 inimica
1466 2975 1731 3038 malitiae
1808 3018 1813 3027 .
1918 3020 1923 3027 .

536 3060 914 3120 Obliterantis
951 3076 1158 3120 omnes
1195 3063 1615 3141 excellentiam,

536 3153 814 3209 Demersa
852 3150 1034 3210 fundo
1068 3152 1286 3210 misere
1326 3156 1390 3210 ut
1420 3151 1651 3225 jaceant
1690 3154 1915 3213 omnia:

534 3242 696 3299 Tunc
733 3240 1043 3315 expeditus
1080 3240 1140 3298 et
1179 3240 1396 3299 nebula
1429 3242 1741 3299 Rossinius

535 3330 802 3405 Replebit
839 3346 970 3400 ora,
1008 3329 1254 3408 habebit
1293 3330 1494 3390 laudes
1534 3330 1839 3399 omnium,i
1896 3360 1903 3369 ·

535 3423 762 3479 Rursus
800 3423 858 3480 et
897 3420 1178 3479 invidiam
1221 3421 1354 3480 luce
1393 3420 1727 3481 confundet·
1750 3432 1872 3480 sua.

971 3649 1208 3711 MUSCA
1245 3654 1335 3709 ΕΤ
1376 3648 1678 3711 CRABRO.

541 3777 874 3833 cuneumqu-
909 3791 1114 3837 musca
1150 3777 1438 3837 delectata
1478 3788 1758 3851 compare

439 3890 444 3893 ·
536 3863 860 3923 Succubuit
897 3864 1262 3940 obstrepenti
1306 3879 1446 3939 prae
1483 3880 1719 3925 summa
1748 3866 1915 3927 fame.

607 3955 814 4025 Fugiat
852 3954 1083 4013 incauta
1122 3954 1338 4015 femina
1375 3956 1651 4031 vulgares
1690 3960 1931 4030 procos!
