2996 4935
988 610 1346 654 FABULARUM
1383 611 1565 652 LIBER
1602 612 1657 656 X.
2196 600 2249 648 11

553 701 884 764 Frondibus
921 701 1214 761 admixtae
1251 714 1525 760 somnum
1565 701 1849 762 haberent
1887 703 1950 761 ut
1986 715 2190 772 suum,

549 792 955 868 Captivitatem
993 792 1211 851 retium
1251 783 1557 865 capacium

546 882 755 942 Misera
791 881 1148 940 invenerunt
1183 881 1380 952 strage
1409 879 1823 940 multitudinis.
1860 911 1931 924 —-

620 969 902 1046 Exemplo
937 971 1210 1037 caveant,
1250 968 1540 1027 militares
1578 969 1781 1042 copias

545 1057 971 1133 Exaggerando
1007 1058 1108 1132 qui
1145 1071 1208 1117 se
1239 1057 1498 1132 produnt
1535 1057 1807 1116 hostibus

555 1149 885 1208 Prudenter
919 1146 1350 1208 occultantibus
1391 1146 1761 1206 teterrimum

553 1239 720 1310 Quod
753 1237 1044 1313 gloriosos
1081 1237 1195 1298 fine
1231 1236 1446 1298 afficiat
1481 1237 1755 1311 pessimo.

415 1470 555 1512 xvnl:
951 1467 1276 1527 LATERNA
1316 1469 1404 1525 ET
1441 1467 1735 1526 LAMPAS.

554 1595 748 1654 Varus
785 1593 1008 1654 laterna
1044 1593 1284 1654 luminis
1321 1592 1611 1668 reconditi

551 1685 760 1742 Coram
799 1682 1043 1759 pell-olei
1081 1684 1248 1743 stetit
1281 1682 1545 1743 ardentis
1585 1680 1867 1756 lampade

551 1804 627 1816 —
661 1774 868 1832 Omnia
905 1772 1106 1832 videre
1144 1772 1222 1833 do
1258 1787 1366 1847 per
1403 1771 1675 1831 tenebras
1708 1801 1780 1816 -·
1814 1770 1958 1830 baec
1995 1771 2093 1830 ait.

556 1865 803 1923 Later-na
839 1862 945 1923 sed
981 1862 1277 1937 reposuit:
1313 1895 1386 1908 —
1425 1861 1770 1935 imprudens
1808 1860 1979 1932 facis,

553 1952 812 2012 Pandere
849 1953 1075 2011 secreta
1112 1951 1254 2011 dum
1293 1950 1384 2008 vis
1420 1949 1696 2010 omnibus
1733 1951 1947 2010 omnia.
1985 1981 2057 1994 --

625 2040 867 2116 Sapiens
905 2039 1132 2097 delectu
1173 2037 1493 2109 singularis
1532 2037 1602 2096 ad
1640 2038 1861 2111 optima

562 2129 776 2185 Fertur
810 2125 1054 2199 vigilii'S,
1092 2125 1257 2184 facile
1295 2125 1577 2198 ignorans
1609 2128 1821 2184 cetera.

561 2214 814 2274 Adhibet
849 2215 1093 2274 naturae
1132 2215 1281 2285 vim,
1320 2213 1419 2288 qui
1464 2216 1665 2273 noctes
1708 2214 1968 2287 integras

561 2304 852 2364 pervertit
886 2305 1256 2378 importunae
1292 2302 1443 2363 lucis
1481 2303 1669 2378 copia.

424 2540 580 2587 xvml.
1090 2539 1239 2597 MAN
1245 2538 1579 2597 SUETUDO.
1628 2516 1641 2525 ’-

559 2668 859 2724 Auousrus
895 2663 968 2722 ad
1003 2662 1301 2722 Tiberium
1341 2662 1606 2735 graviter
1645 2661 1863 2720 litteris

563 2756 916 2824 Querentem
953 2751 1026 2811 de
1063 2751 1367 2812 malevolis
1404 2749 1868 2823 obloquentibus

563 2873 635 2885 -
652 2844 920 2917 Magnum
941 2843 1036 2901 est
1053 2842 1102 2899 si
1125 2854 1234 2901 nos
1251 2839 1654 2914 adsequimur,
1675 2854 1747 2897 ne
1769 2839 1889 2897 sint
1914 2836 2159 2897 malefici
2179 2868 2249 2879 -

563 2932 902 3006 Rescripsit.
941 2929 1279 3005 principatu
1318 2929 1528 3004 nequis
1566 2927 1791 2987 arbiter

567 3021 664 3079 Sui
704 3020 1012 3091 similium,
1051 3021 1270 3079 statuat
1303 3033 1367 3078 se
1405 3033 1588 3093 supra
1624 3020 1835 3083 Deum,

567 3108 800 3168 Tolerat
834 3108 1067 3167 illaesus
1104 3108 1280 3182 impia
1319 3108 1421 3182 qui
1460 3106 1743 3165 convicia.

1132 3338 1568 3399 INSOLENTIA.

568 3470 806 3536 Quium
846 3465 1162 3526 insolentes
1198 3480 1229 3524 a
1271 3477 1486 3539 vapore
1528 3460 1791 3522 navium

568 3555 852 3616 Ridebant
891 3557 1296 3631 tempestatem
1335 3552 1635 3620 turbidam
1671 3564 1952 3623 aequore,
2055 3583 2062 3590 ·
2132 3580 2145 3593 ·

568 3648 862 3704 Humanae
897 3644 1114 3703 mentis
1151 3643 1383 3705 attoniti
1425 3638 1746 3701 miraculis.

571 3734 682 3795 Vix
719 3734 1165 3793 animadversus
1203 3746 1441 3808 proram
1480 3728 1757 3791 servabat
1793 3741 1994 3795 senex,

570 3824 812 3899 Superis
849 3824 1122 3883 vovendo
1157 3837 1222 3883 se
1261 3820 1511 3881 sollicita
1532 3818 1876 3891 rsupplicem

573 3917 778 3985 Prece,
817 3912 929 3971 sub
966 3912 1136 3971 ruina
1171 3910 1314 3971 caeli
1354 3924 1489 3969 cum
1530 3907 1792 3983 periculo

570 4006 841 4065 Laterum
885 4001 1130 4063 rotantis
1165 4001 1388 4077 impetu
1428 3998 1745 4059 temerario

571 4092 730 4152 Ratis
768 4093 922 4152 inter
957 4089 1174 4151 fluctus
1212 4093 1437 4151 vortice
1475 4087 1850 4149 subitaneos:
