2996 4935
627 675 634 681 .
700 628 773 683 44
1365 638 1420 680 A.
1459 638 1509 679 c.
1534 635 1839 681 rsanuccn

825 750 988 808 Mens
1009 748 1254 809 hominis
1275 748 1452 807 habet
1473 748 1769 821 imperium
1792 762 1960 820 super
1986 748 2175 806 omnia
2188 790 2204 818 ‚
2228 736 2371 819 quae
2396 764 2455 805 se

891 854 1105 913 Officiis
1128 854 1280 913 vitae
1305 855 1447 913 dant
1469 854 1799 914 adhibenda
1822 870 1977 913 suae.

823 961 1046 1020 Stultus
1069 963 1130 1019 at
1150 960 1248 1019 hic
1273 960 1387 1019 dici
1411 960 1609 1029 debet,
1632 960 1685 1018 si
1710 961 1911 1018 tendat
1932 960 2122 1019 abuti:

891 1067 1069 1126 Nulla
1091 1068 1268 1125 estex
1291 1083 1462 1140 opera
1485 1066 1751 1125 machina
1774 1066 1957 1124 stulta
1985 1066 2149 1125 fabri.

697 1302 856 1359 ηπ.
1281 1299 1646 1361 msomus
1681 1268 1959 1357 POETA.

815 1445 962 1504 Essa
989 1447 1211 1505 domum
1237 1444 1428 1505 Somni
1454 1444 1749 1503 credebam
1774 1441 2076 1514 insomnis,
2108 1443 2167 1499 et
2196 1441 2345 1501 ibam

887 1555 1164 1624 Quaerere
1188 1570 1290 1637 per
1316 1554 1538 1611 noctem
1562 1552 1786 1623 deviu8‚
1813 1552 1980 1623 atque
2005 1566 2205 1623 vagus.
2282 1564 2289 1570 ·

813 1660 1073 1719 Claustra
1095 1660 1403 1733 pererravi,
1435 1657 1775 1731 locupletum
1800 1657 2003 1715 limina
2023 1656 2211 1715 adivi:

887 1766 989 1824 Nil
1013 1766 1154 1823 mihi
1179 1766 1248 1823 de
1273 1767 1474 1825 Somno
1500 1780 1730 1823 noscere
1755 1764 2020 1835 utrinque
2043 1762 2175 1821 fuit.

811 1874 964 1931 Hinc
987 1874 1234 1933 celebres
1259 1888 1486 1943 coenae,
1513 1870 1729 1946 jejunia
1752 1872 1811 1929 et
1834 1870 1969 1928 inde
1994 1869 2295 1937 vetabant,

881 1980 1015 2038 Cum
1039 1980 1159 2037 risu
1177 1982 1350 2053 atque
1368 1979 1547 2053 jocis,
1571 1979 1635 2037 in
1665 1979 1849 2037 cinere
1875 1978 2045 2049 atque
2069 1992 2249 2049 prece.

813 2089 885 2146 In
910 2104 1084 2163 grege
1109 2088 1394 2160 pasterum
1419 2088 1712 2161 sperabam
1736 2087 1890 2143 hunc
1912 2100 2075 2157 posse
2098 2084 2321 2151 tenere3

883 2196 973 2254 Ad
997 2195 1192 2255 caulas
1217 2194 1373 2253 sensi
1397 2194 1494 2253 sed
1522 2193 1764 2267 vigilare
1790 2208 1979 2251 canes.

811 2303 1131 2360 Venantum
1155 2301 1359 2360 offendi
1385 2300 1733 2359 latebrosum
1756 2316 1859 2372 per
1880 2314 2080 2357 nemus
2103 2296 2253 2355 ullos
2266 2338 2280 2366 ,

880 2407 1001 2465 Nec
1024 2422 1301 2481 responsa
1323 2407 1464 2464 mihi
1488 2368 1557 2475 de
1582 2406 1836 2480 fugiente
1862 2406 2077 2463 dabant

807 2515 951 2573 Fida
973 2513 1135 2572 satis.
1159 2514 1485 2572 Piscatores
1509 2515 1645 2571 tunc
1670 2513 1883 2571 retibus
1906 2512 2053 2572 actis

839 2620 952 2710 sIn
977 2635 1130 2678 mare
1148 2663 1164 2690 ‚
1188 2621 1428 2678 scitatus
1452 2635 1577 2678 sum
1590 2662 1606 2690 ‚
1631 2635 1735 2678 nec
1758 2619 1965 2677 habere
1990 2618 2101 2676 fuit

809 2727 1122 2797 Iudicium,
1149 2743 1258 2799 quo
1282 2742 1645 2800 persequerer
1673 2726 1917 2799 vestigia
1938 2725 2144 2784 Somni.

881 2833 1052 2892 Hunc
1077 2833 1266 2890 tamen
1291 2832 1486 2890 audivi
1512 2833 1659 2892 valle
1684 2833 1891 2895 cubare
1918 2849 2071 2892 cava.

809 2973 879 2983 -
895 2939 1054 2999 Haec
1078 2957 1216 2998 cava
1241 2940 1408 2998 vallis
1429 2939 1527 2998 ubi
1546 2939 1667 2998 est?
1686 2972 1755 2982 --
1776 2939 2141 2999 Passerculus
2161 2940 2528 2999 antevolando

883 3046 1070 3119 (Dixit
1093 3062 1284 3104 eorum
1309 3047 1543 3119 aliquis)
1574 3047 1686 3105 dux
1711 3048 1823 3104 erit
1845 3047 1942 3105 ille
1967 3046 2090 3105 tibi.

808 3154 972 3214 Illico
996 3153 1309 3225 suscipiens
1335 3153 1582 3213 feliciter
1608 3157 1690 3213 ire
1705 3198 1720 3224 ‚
1744 3155 1939 3226 quievi

881 3260 1128 3319 Tandem
1159 3262 1330 3318 etiam
1356 3260 1418 3318 in
1452 3261 1697 3333 gremio,
1726 3261 1893 3319 vallis
1920 3276 2177 3329 amoena,
2202 3260 2315 3316 tuo.

688 3474 869 3530 xxv11.
1192 3473 1464 3530 ASINUS
1516 3472 1612 3530 ΕΤ
1648 3471 2011 3530 DOMINUS.

811 3633 990 3691 Itum)
1017 3633 1248 3693 ridendo
1275 3635 1361 3692 est
1384 3633 1877 3706 (Heraclitumque
1900 3634 2146 3696 moveret

880 3739 970 3796 Ad
995 3740 1199 3813 risum)
1227 3757 1295 3799 ex
1323 3740 1485 3799 asino
1510 3741 1660 3813 quod
1686 3740 1795 3798 fuit
1822 3740 2086 3813 aspicere.

809 3846 920 3903 Hic
943 3846 1272 3918 phaleratus
1294 3849 1414 3907 heri
1443 3848 1637 3906 cisium
1666 3849 1786 3907 leve
1811 3852 2009 3921 sponte
2035 3849 2317 3918 trahebat,

877 3952 951 4008 Et
976 3969 1204 4026 gressus
1232 3955 1552 4027 glomerans
1582 3971 1812 4027 prorsus
1842 3959 2098 4028 equester
2124 3957 2263 4014 erat.
