2996 4935
642 600 713 656 32

708 705 720 714 “
1253 726 1859 836 ELEGIACI.
1938 751 1943 754 ·
2198 771 2211 806 x

1455 902 1655 928 -φ-

984 1095 1085 1152 An
1118 1061 1533 1153 nummum
1570 1093 1948 1153 MINZLOFF
1986 1113 2037 1154 v.
2076 1097 2143 1155 οι.

767 1255 871 1315 Vis
907 1255 1016 1316 tibi
1053 1255 1356 1315 versiculos
1394 1255 1531 1314 dare
1566 1271 1669 1316 me.
1708 1255 1935 1316 Nasone
1960 1259 2124 1329 poeta

839 1363 1042 1422 Utere:
1078 1363 1249 1437 longe
1286 1362 1432 1422 alios
1471 1363 1663 1422 desine
1699 1364 1843 1422 velle
1878 1380 2042 1423 meos,

766 1469 924 1529 Felix
959 1468 1188 1543 ingenio
1221 1468 1331 1528 fuit
1365 1469 1466 1528 ille
1483 1513 1500 1542 ,
1534 1471 1773 1543 parique
1810 1470 2117 1542 camoena3

843 1575 1110 1636 Liberum
1147 1577 1206 1635 et
1240 1593 1276 1634 a
1311 1577 1462 1634 curis
1500 1571 1861 1636 exhilarabat
1896 1594 2065 1636 amor.

767 1684 922 1742 Haeo
957 1699 1090 1764 para
1125 1685 1330 1742 aetatis
1365 1684 1565 1742 melior
1588 1683 1701 1742 fuit
1724 1685 1845 1757 ejus
1882 1685 1941 1742 in
1978 1685 2165 1742 Urbe:

837 1789 1040 1868 Altera
1075 1790 1176 1848 sed
1215 1789 1394 1848 subiit
1428 1788 1587 1862 pejor
1621 1790 1693 1848 ab
1730 1790 1914 1849 exilio.

767 1896 884 1954 Sub
921 1897 1048 1956 nive
1085 1895 1346 1955 Sithonia
1381 1896 1577 1954 tamen
1612 1913 1732 1956 esse
1770 1897 1832 1982 in
1868 1897 2012 1957 vatis
2045 1898 2254 1956 honore

691 2085 695 2093 ¹
841 2003 1080 2076 Eloquia
1113 2004 1303 2076 potuit
1339 2004 1681 2064 conciliante
1719 2004 1891 2064 Getas
1911 2048 1927 2077 ‚

770 2109 848 2168 Et
884 2111 1167 2170 statuente
1205 2111 1318 2170 sibi
1355 2113 1769 2172 monumentum
1803 2113 2081 2172 barbariei

839 2215 1044 2276 Nobile
1066 2260 1082 2289 ,
1117 2218 1267 2289 quod
1305 2213 1492 2290 posita
1535 2218 1705 2276 durat
1741 2218 1926 2277 adhuc
1961 2221 2167 2277 statua.

771 2325 1054 2384 Barbarus
1089 2325 1240 2384 inter
1277 2341 1372 2384 eos
1408 2324 1582 2399 patrii
1618 2326 1887 2384 sermonis
1924 2326 1999 2384 ab
2032 2341 2138 2384 usu

841 2430 1054 2503 Nempe
1091 2413 1420 2503 videbatur,
1457 2447 1562 2489 nec
1598 2432 1788 2490 tamen
1823 2431 1921 2491 ille
1956 2431 2085 2491 fuit.

767 2538 948 2597 Corda
985 2537 1248 2596 trahebat
1283 2538 1428 2596 enim
1450 2581 1466 2610 ,
1502 2536 1721 2595 eithara
1756 2538 2066 2595 resonante
2090 2540 2238 2610 quod
2276 2543 2424 2598 esset

835 2644 1118 2715 Auribua,
1160 2643 1390 2716 ingrato
1423 2645 1671 2716 tempere
1690 2686 1707 2715 ,
1744 2643 1908 2702 dulce
1944 2643 2154 2706 melos:
2264 2682 2266 2685 ι
2300 2688 2307 2699 ,

765 2750 1038 2811 Barbarie
1073 2751 1258 2810 media
1295 2751 1362 2811 <le
1399 2750 1767 2831 barbarieque
1804 2750 2147 2825 triumphum

838 2858 931 2917 Sie
967 2858 1090 2932 egit
1107 2901 1122 2931 ,
1158 2858 1354 2931 procul
1392 2876 1428 2917 a
1461 2858 1697 2917 Caesare
1716 2900 1731 2929 ‚
1764 2858 1932 2918 laude
1968 2859 2111 2932 pari.

779 2965 932 3038 Ergo
954 2965 1168 3025 ‘semim
1191 2966 1440 3041 migrare
1465 2966 1629 3024 decet
1650 2969 1822 3038 nune,
1846 2966 2023 3038 siquis
2051 2968 2197 3040 apud
2224 2984 2325 3028 nos

841 3072 1068 3132 Sentiat
1100 3058 1300 3133 Aeniis
1334 3048 1527 3133 ludere
1562 3090 1724 3146 posse
1760 3074 1954 3133 modis,

774 3179 1029 3253 Namque
1067 3181 1480 3242 obsurdescunt
1516 3181 1633 3239 vivi
1670 3182 2011 3255 plerumque,
2047 3198 2147 3255 per
2184 3194 2399 3243 omnem

841 3286 1088 3359 Italiam,
1125 3288 1281 3355 Latii
1316 3288 1545 3348 vocibus
1558 3331 1573 3358 ,
1610 3304 1677 3346 ac
1712 3289 1969 3346 numeris.

749 3382 878 3453 'Sed
904 3394 1115 3467 pietate
1141 3396 1338 3481 carent
1361 3395 1532 3453 etiam
1554 3414 1569 3464 ;
1604 3410 1785 3465 neque
1807 3393 1997 3467 gratia-
2019 3393 2179 3451 floret

844 3500 976 3571 Hie,
1002 3500 1100 3561 ubi
1121 3499 1456 3573 supplantat
1478 3500 1564 3557 vis
1588 3499 1996 3558 idioma-vetus,

773 3607 984 3665 Dicunt
1008 3599 1303 3666 obsonium
1327 3608 1475 3679 qnod
1500 3607 1673 3666 habet
1694 3606 1997 3680 gravitatis
2022 3607 2266 3679 odorem,

839 3716 1044 3774 Posset
1068 3714 1143 3775 ad
1163 3714 1426 3786 antiquae
1449 3717 1508 3773 et
1532 3732 1791 3775 revocare
1816 3714 1955 3773 vias.

751 3858 756 3864 -
777 3820 932 3895 Ergo
957 3821 1098 3879 vale
1125 3820 1294 3893 dieto,
1317 3822 1480 3881 nulla
1504 3823 1777 3881 subeunte
1802 3820 2000 3893 salute,

843 3926 913 4003 1,
949 3926 1076 3998 pete
1101 3928 1298 3997 sponte
1324 3927 1566 4007 Temim;
1592 3944 1770 3987 meroe
1794 3928 1983 3988 libelle
2008 3928 2166 3987 levis.

529 3228 591 3291 N
