2996 4935
1228 657 1515 701 thaeum.
2210 641 2279 698 47

577 773 668 833 Sic
694 773 918 841 iterum,
943 770 1093 841 quod
1121 783 1246 826 eras
1261 810 1278 838 ,
1301 764 1431 826 fies:
1457 782 1565 841 ego
1588 768 1845 824 mortuus
1868 767 2123 825 umbram

640 877 887 936 Servabo
906 875 1108 934 tumuli
1132 875 1277 933 liber
1301 873 1374 932 ab
1398 873 1637 944 invidia,

573 986 741 1043 Liber
765 985 837 1042 ab
862 999 956 1041 ore
983 993 1200 1052 eanum,
1225 980 1323 1053 qui
1346 980 1627 1044 lan-avere
1652 979 1889 1038 Latinos

645 1092 934 1148 Adversus
959 1103 1247 1158 numer-08,
1276 1087 1651 1158 Italicamque
1676 1086 1876 1159 lyram.

453 1324 616 1382 xxxI.
1089 1313 1294 1377 MENS
1346 1313 1444 1376 ET
1481 1317 1643 1376 COR.

576 1465 690 1524 Es'r
713 1466 776 1522 in
795 1459 1035 1538 Judieiis
1061 1462 1347 1522 hominum
1375 1443 1583 1520 vitiosa
1606 1464 1759 1520 metu
1786 1473 1971 1519 mensi

645 1574 781 1646 Spes
817 1575 906 1630 est
941 1571 1002 1628 in
1027 1586 1194 1630 sensu
1219 1579 1322 1628 nec
1345 1569 1549 1628 vitiosa
1573 1569 1774 1627 minue.

573 1680 761 1738 Audet
781 1669 903 1748 hie,
930 1677 1038 1735 illa
1062 1678 1248 1748 cavet,
1275 1676 1615 1750 laqueosque
1644 1676 1989 1750 sophismate
2012 1675 2207 1746 metit,

643 1787 721 1843 Ut
756 1785 904 1859 quod
941 1795 1125 1844 amore
1164 1785 1326 1855 calet,
1365 1784 1576 1858 frigore
1613 1783 1718 1842 fiat
1753 1784 1923 1844 inere.
2184 1781 2190 1787 ’

575 1892 738 1951 Felix
772 1890 870 1964 qui
903 1891 1092 1966 potuit
1127 1893 1372 1952 medium
1409 1908 1634 1953 servare
1674 1895 1947 1952 duorum!

643 2000 720 2058 Ut
755 2000 832 2057 sit
868 1999 1016 2056 liber
1053 2000 1235 2068 homo,
1273 2002 1460 2058 rector
1495 2003 1555 2058 et
1589 2000 1709 2072 ipse
1746 1999 1851 2058 sui.

446 2232 626 2290 mxl.
1150 2227 1567 2288 SUICIDIUM.

569 2374 766 2432 Nonne
793 2374 937 2433 mori
961 2375 1200 2432 stultum
1225 2374 1340 2432 est:
1367 2373 1517 2444 quod
1548 2374 1730 2446 agunt
1755 2372 2004 2444 plerique
2030 2371 2237 2444 poetae

638 2483 748 2552 Qui
785 2484 1006 2555 praeter
1044 2482 1318 2540 tumulum
1356 2481 1541 2540 vivere
1579 2498 1712 2540 voce
1751 2482 1974 2555 putant.

566 2590 744 2650 Morte
781 2590 967 2663 perire
1005 2592 1147 2648 data'
1179 2590 1292 2649 sibi
1314 2634 1329 2661 ,
1365 2592 1603 2650 stultius
1642 2608 1765 2649 esse
1802 2591 2055 2661 videtur,

633 2700 780 2757 Ante
817 2699 1178 2770 superveniat
1213 2713 1379 2770 quam
1417 2715 1523 2757 sua
1560 2700 1758 2771 cuique
1796 2699 1936 2757 dieS.

562 2806 674 2864 Hie
709 2822 978 2879 praeceps
1016 2805 1064 2862 it
1097 2806 1280 2878 aquis‚·
1314 2807 1515 2878 laqueo
1552 2806 1915 2879 suspenditur
1955 2804 2125 2872 alten

635 2914 755 2971 Aut
787 2912 1006 2986 plumbi
1045 2912 1282 2984 glandes
1321 2912 1483 2985 optat
1520 2912 1592 2969 ad
1629 2911 1771 2968 illud
1810 2926 1965 2983 opus.

556 3009 763 3077 ¹Utitur
785 3019 880 3077 hie
903 3018 1024 3076 aeie
1050 3017 1209 3089 ferri,
1231 3016 1379 3077 bibit
1403 3018 1515 3075 iste
1540 3030 1812 3075 venenum
1835 3038 1849 3074 :

639 3126 712 3184 In
749 3142 808 3183 se
847 3125 1084 3197 quisque
1120 3126 1276 3183 ferox
1311 3122 1442 3182 finis
1477 3138 1663 3183 amore
1702 3124 1856 3181 furit.

563 3233 725 3293 Velle
751 3232 893 3290 mori
927 3234 1118 3291 tamen
1153 3232 1461 3289 humanum
1497 3230 1627 3302 quis
1664 3228 1863 3289 dicet?
1900 3229 2163 3301 Ineptum

633 3339 756 3399 Hoc
793 3341 879 3398 est
913 3338 1266 3412 philosophis
1303 3337 1593 3410 impietate
1632 3337 1813 3407 novis,

566 3444 644 3504 Et
677 3440 1208 3517 sceleratum.aliis,
1241 3446 1291 3504 si
1324 3443 1617 3505 libertatis
1652 3444 1813 3503 abuti

637 3552 776 3622 Quis
811 3552 952 3611 velit
987 3553 1250 3624 arbitrio,
1285 3554 1519 3626 perdere
1556 3567 1729 3624 seque
1768 3566 1919 3612 nece.

565 3659 854 3719 stultitiae
877 3662 1066 3719 tamen
1089 3661 1260 3719 hoeee
1287 3673 1468 3733 genus
1495 3660 1685 3719 minus
1709 3660 1999 3718 horridum
2027 3658 2270 3717 habetur

549 3760 562 3779 ⁴
647 3766 720 3824 In
755 3778 1041 3840 praesens,
1081 3766 1218 3825 Ideo
1251 3765 1613 3838 philosophia
1648 3766 1856 3835 tumet,

565 3872 936 3945 Eripiensque
972 3874 1088 3933 Deo
1123 3890 1228 3931 sua
1251 3872 1384 3943 tela,
1423 3872 1753 3931 immaniter
1788 3872 1849 3929 in
1891 3888 1950 3931 se

638 3978 964 4051 Convertit,
1001 3978 1208 4039 tollens
1245 3978 1448 4051 caede,
1487 3979 1639 4051 quod
1677 3980 1789 4039 Ille
1827 3978 1999 4039 dedit.
