2996 4935
451 3655 530 3712 VI.

1202 628 1272 670 BA
1277 628 1555 672 mmmm.

657 740 855 798 Custos
880 754 1174 812 puerorum
1202 739 1371 811 vigil,
1407 743 1466 797 et
1503 739 1924 810 imperterritus.

653 845 1036 903 Insidiabatur
1061 846 1221 903 cunis
1246 845 1488 903 infantis
1517 862 1697 917 vagus
1779 864 1785 869 ·

651 952 888 1023 Serpens
917 951 990 1009 ab
1015 953 1204 1010 arenis
1228 952 1436 1010 Austro
1460 952 1901 1025 subjacentibus,

655 1056 842 1147 Vidit,
869 1058 928 1114 et
950 1058 1183 1115 incursu
1209 1059 1366 1117 tutor
1388 1057 1691 1129 explicuit,
1720 1073 1845 1115 eum

652 1163 820 1221 Dedit
843 1168 900 1220 et
925 1164 1219 1235 protritum
1246 1164 1432 1236 capite
1459 1180 1561 1236 pro
1593 1163 1809 1222 foribus
1837 1165 2043 1223 domus.

718 1268 1120 1353 Adolescentes
1146 1270 1218 1327 ab
1243 1270 1432 1329 indole
1458 1269 1815 1329 innocentiae

649 1374 758 1443 Qui
781 1375 1102 1434 submovere
1129 1376 1392 1447 tendunt,
1423 1363 1490 1447 ,et'
1512 1377 1858 1447 pervertere,

649 1480 876 1565 Utinam
901 1481 1222 1549 invenirent
1245 1482 1416 1557 hujus
1443 1481 1572 1553 equi
1602 1482 1912 1541 custodiam
1987 1526 1995 1532 .

647 1586 918 1645 Similem!
945 1588 1228 1647 Amicitiis
1253 1604 1494 1661 namque
1518 1589 1790 1647 malorum
1814 1590 2129 1662 impunium

650 1693 938 1752 Vitiantur
963 1695 1162 1766 animi3
1189 1688 1326 1771 spes
1340 1696 1398 1753 et
1421 1696 1649 1755 virtutis
1671 1696 1834 1767 perit.
1944 1693 1949 1697 ’

1080 1916 1651 2016 εῩοοΡΗΑΝΤΑΕ.

645 2107 1039 2186 Qunnnmnun
1063 2118 1176 2174 nori
1201 2130 1316 2173 una
1342 2116 1611 2173 adversus
1634 2118 1915 2189 improbos

646 2223 821 2282 Sonat
845 2222 938 2280 hic
963 2222 1022 2279 in
1049 2236 1344 2295 praesens,
1371 2222 1528 2281 nacti
1552 2223 1650 2294 qui
1680 2221 1958 2281 curulium

641 2327 895 2387 Honores
920 2312 1262 2400 principales
1287 2327 1496 2386 studiis
1522 2344 1558 2385 a
1580 2328 1745 2386 bonis
1764 2371 1779 2398 ,

641 2436 784 2494 Prae
809 2435 1108 2510 disciplina
1133 2436 1305 2494 veteri
1321 2480 1336 2508 ,
1373 2439 1691 2511 proponunt
1714 2452 1917 2496 novam

639 2542 1106 2602 Adolescentibus
1132 2543 1278 2602 actis
1305 2544 1366 2602 in
1391 2545 1708 2617 oppositum
1734 2544 1881 2602 viae.

641 2648 818 2708 Dolus
840 2651 929 2708 est
953 2650 1015 2708 in
1039 2667 1098 2708 re
1113 2692 1128 2719 ‚
1153 2666 1298 2722 quae
1325 2651 1672 2724 suffragatur
1697 2652 1809 2709 otio
1825 2694 1839 2719 ‚

638 2755 1040 2814 Inextricabile
1068 2757 1198 2816 dum
1228 2760 1396 2828 parat
1420 2759 1707 2830 negotium

645 2839 898 2932 Ingeniis
911 2903 927 2932 ,
951 2861 1254 2921 sterilitate
1275 2862 1611 2920 inevitabili.

639 2966 878 3024 Artibus
904 2967 964 3024 et
983 2955 1184 3026 studiis
1211 2983 1448 3040 namque
1473 2943 1853 3040 quibuslibet,
1878 2969 2079 3034 nihil,

641 3074 757 3131 Aut
781 3073 949 3130 nimi
953 3089 1058 3130 um
1082 3074 1273 3131 eodem
1297 3073 1575 3145 pertinet3
1598 3078 1664 3131 ut
1688 3075 1764 3132 sit
1788 3076 2007 3134 vanitas

642 3178 942 3236 Doctrinae
963 3177 1230 3248 utrinque
1257 3179 1428 3235 certa.
1465 3179 1561 3236 Sic
1586 3181 1675 3236 est
1696 3179 1769 3236 ab
1794 3178 1904 3236 olei

640 3283 746 3341 Vel
771 3283 992 3342 defectu
1008 3326 1023 3355 ,
1048 3284 1136 3342 vel
1165 3284 1330 3356 copia
1352 3284 1513 3341 fraus
1537 3283 1765 3341 luminis
1780 3324 1795 3354 ,

635 3389 848 3448 Damno
872 3390 1163 3461 lucernae,
1193 3389 1675 3448 circumstantium
1702 3391 1761 3448 et
1782 3389 1921 3462 pari.

1187 3535 1365 3542 ..———.-—-—
1373 3537 1392 3541 -
1399 3535 1533 3542 ————

740 3631 1142 3714 'CYPRINUS
1179 3655 1276 3712 ET
1315 3657 1539 3712 CANIS
1583 3654 1940 3714 MARmUs.

640 3815 920 3871 erramus
945 3815 1320 3873 nitidissimus
1343 3813 1541 3873 haberi
1564 3815 1803 3886 piscium

640 3921 780 3978 Dum
805 3921 956 3991 vult,
985 3922 1042 3977 et
1067 3920 1240 3978 audet
1260 3920 1486 3993 ingredi
1512 3921 1597 3980 sal
1624 3923 1891 3993 aequoris

1935 4031 1966 4071 2
