2996 4935
681 576 754 633 34
1349 587 1401 627 Α.
1443 590 1514 630 (ι.-
1534 586 1836 629 mammon

804 662 896 756 Sic
936 695 1228 769 neglectus
1262 695 1440 753 honor
1476 711 1715 769 rugosae
1750 697 1799 755 it
1834 696 2001 768 pellis
2039 698 2264 757 amictu:

874 802 1023 861 Nam
1058 803 1296 875 possunt
1324 802 1563 876 juvenes
1598 802 1697 860 vix
1732 803 1967 863 tolerare
2004 804 2190 863 situm.
2236 786 2243 793 ’

805 910 955 969 Hinc
992 910 1212 969 infirma
1247 909 1357 968 fide
1393 909 1539 968 fiunt
1573 910 1829 969 consulta
1866 913 2127 983 senatus3

877 1018 1075 1077 Iunior
1111 1017 1322 1090 optatis
1359 1016 1731 1091 canitiemque
1768 1018 1962 1091 praeit.

805 1124 1052 1185 Publica
1087 1140 1176 1183 res
1215 1125 1340 1184 ideo
1377 1124 1613 1183 divertit
1650 1125 1722 1183 ab
1759 1125 1954 1185 ordine
1991 1128 2178 1197 rect03

873 1206 978 1293 Vir
1008 1233 1188 1293 bonus
1221 1233 1559 1307 et'prudens
1596 1233 2006 1309 despiciturque
2044 1238 2187 1295 cute.

687 1472 781 1531 111.
850 1512 852 1521 .
1296 1558 1302 1565 ἱ
1331 1472 1847 1533 MERGELLINA.

802 1616 916 1674 H1c
953 1616 1050 1675 ubi
1089 1618 1214 1674 tuta.
1250 1616 1376 1675 sinu
1412 1616 1479 1674 fit
1514 1617 1848 1695 Mergellina
1881 1634 2183 1689 recessuss

883 1722 959 1781 Et
992 1723 1164 1782 statio
1201 1722 1368 1781 furtis
1409 1724 1695 1783 commoda
1732 1725 2068 1798 compositiS‚

804 1829 1007 1887 Flebat
1043 1829 1190 1902 apud
1227 1845 1423 1887 saxum
1460 1829 1775 1887 rubicunda.
1810 1831 1997 1889 dolore
2035 1808 2252 1906 puella:

870 1935 1092 1995 Anulus
1131 1952 1166 1993 a
1203 1933 1384 2009 digito
1418 1952 1549 1994 nam
1587 1936 1867 1994 resolutus
1906 1940 2027 1996 erat

805 2042 1028 2101 Praeda
1064 2042 1250 2115 maris,
1285 2043 1487 2115 longas
1526 2043 1901 2116 eludebatque
1938 2046 2193 2117 querelas

876 2147 1011 2206 Cum
1048 2149 1213 2220 votiS,
1253 2149 1479 2223 refugas
1516 2165 1666 2208 more
1704 2151 1933 2209 secutus
1971 2167 2162 2223 aquas.

807 2256 1153 2329 Improvisus
1191 2256 1367 2327 adest,
1407 2254 1686 2328 trepidam
1722 2256 2023 2317 miseratus
2060 2260 2118 2317 et
2152 2259 2333 2319 Alcon

879 2362 1096 2445 Littore
1123 2365 1194 2422 ab
1219 2363 1414 2437 algoso
1439 2379 1671 2436 praepes
1696 2363 1745 2420 it
1770 2363 1827 2420 in
1854 2364 2134 2439 pelagum.

804 2470 926 2529 Nec
951 2487 1107 2528 mora
1129 2469 1326 2542 longa,
1353 2470 1532 2528 redux
1559 2470 1759 2528 retulit
1782 2472 2030 2542 piscator
2053 2475 2124 2532 ab
2149 2474 2261 2532 imo

872 2575 1036 2646 Quod
1059 2575 1172 2632 fuit
1199 2574 1422 2634 incensi
1447 2591 1619 2633 causa
1644 2575 1853 2634 doloris
1886 2577 2084 2637 adhuc.

802 2713 874 2724 -
896 2679 1115 2753 Ecquid
1145 2679 1254 2738 erit
1275 2679 1474 2752 pretii,
1500 2679 1649 2752 quod
1674 2681 1737 2738 tu
1761 2698 1862 2755 pro
1886 2698 2114 2743 munere
2142 2684 2249 2744 tali

872 2785 1094 2846 Solvere
1129 2786 1246 2846 'non
1281 2787 1536 2858 dubites,
1580 2787 1731 2848 bella
1766 2789 1985 2862 puella,
2022 2791 2207 2850 mihi?

801 2895 985 2953 Parva
1010 2896 1156 2968 peto,
1180 2909 1282 2954 nec
1309 2891 1551 2954 honesta
1572 2895 1794 2975 minust
1834 2897 1965 2956 dare
1990 2897 2151 2958 basia
2177 2898 2373 2969 labris,

873 3001 1003 3060 Mox
1040 3000 1234 3060 oculis·
1257 3000 1428 3059 etiam
1465 3018 1552 3059 me
1587 3003 1707 3060 sine
1744 3004 2066 3078 turgidulis.

803 3106 1035 3182 Integer
1071 3109 1178 3167 hoc
1217 3108 1459 3168 faciam:
1496 3109 1600 3167 tibi
1636 3109 1685 3168 si
1724 3112 2035 3184 poteritque
2071 3111 2309 3184 placere,

873 3215 1058 3274 Unum
1079 3215 1380 3274 restitues:
1417 3215 1498 3274 sis
1536 3233 1745 3276 memor
1780 3217 1914 3276 inde
1951 3218 2071 3276 mei.
2098 3249 2169 3261 ——

803 3322 963 3393 Quod
1000 3324 1137 3381 tunc
1171 3322 1423 3394 optavit,
1461 3323 1650 3381 tenuit
1684 3324 1805 3381 sine
1842 3324 2084 3382 testibus
2122 3324 2324 3394 Alcom

872 3429 1013 3488 Post
1045 3426 1237 3501 paullo
1276 3427 1413 3487 felix
1449 3428 1823 3502 conjugioque
1860 3428 1989 3486 fuit.

683 3668 787 3726 1111.
964 3667 1058 3726 DE
1111 3665 1588 3726 NARENTONE
1634 3666 2197 3728 PRAEOEPTORE.

801 3809 1178 3868 Naum-oms
1213 3825 1344 3882 opes
1380 3811 1649 3883 superant
1682 3811 1943 3884 portenta.
1978 3809 2234 3882 Milonis,

875 3916 1047 3988 Cujus
1083 3917 1254 3974 habet
1289 3917 1494 3976 Croton
1531 3918 1587 3976 vi
1622 3933 1795 3992 grave
1830 3933 2033 3978 nomen
2070 3919 2268 3978 adhuc.

1096 4165 1124 4217 Χ
