<?xml version="1.0" encoding="UTF-8"?>
<!DOCTYPE html PUBLIC "-//W3C//DTD XHTML 1.0 Transitional//EN"
    "http://www.w3.org/TR/xhtml1/DTD/xhtml1-transitional.dtd">
<html xmlns="http://www.w3.org/1999/xhtml" xml:lang="en" lang="en">
 <head>
  <title>
</title>
<meta http-equiv="Content-Type" content="text/html;charset=utf-8" />
  <meta name='ocr-system' content='tesseract 3.04.00' />
  <meta name='ocr-capabilities' content='ocr_page ocr_carea ocr_par ocr_line ocrx_word'/>
</head>
<body>
  <div class='ocr_page' id='page_1' title='image "./alois00ferrgoog_0018.png"; bbox 0 0 2996 4935; ppageno 0'>
   <div class='ocr_carea' id='block_1_1' title="bbox 732 565 794 614">
    <p class='ocr_par' dir='ltr' id='par_1_1' title="bbox 732 565 794 614">
     <span class='ocr_line' id='line_1_1' title="bbox 732 565 794 614; baseline 0 0"><span class='ocrx_word' id='word_1_1' title='bbox 732 565 794 614; x_wconf 72' lang='lat' dir='ltr'><strong>io</strong></span> 
     </span>
    </p>
   </div>
   <div class='ocr_carea' id='block_1_2' title="bbox 727 1085 847 1116">
    <p class='ocr_par' dir='ltr' id='par_1_2' title="bbox 727 1085 847 1116">
     <span class='ocr_line' id='line_1_2' title="bbox 727 1085 847 1116; baseline 0 0"><span class='ocrx_word' id='word_1_2' title='bbox 727 1085 847 1116; x_wconf 67' lang='lat' dir='ltr'><strong>XXX!</strong></span> 
     </span>
    </p>
   </div>
   <div class='ocr_carea' id='block_1_3' title="bbox 724 2327 789 2361">
    <p class='ocr_par' dir='ltr' id='par_1_3' title="bbox 724 2327 789 2361">
     <span class='ocr_line' id='line_1_3' title="bbox 724 2327 789 2361; baseline 0.015 -1"><span class='ocrx_word' id='word_1_3' title='bbox 724 2327 789 2361; x_wconf 68' lang='lat' dir='ltr'><strong>XX</strong></span> 
     </span>
    </p>
   </div>
   <div class='ocr_carea' id='block_1_4' title="bbox 794 2329 859 2360">
    <p class='ocr_par' dir='ltr' id='par_1_4' title="bbox 794 2329 859 2360">
     <span class='ocr_line' id='line_1_4' title="bbox 794 2329 859 2360; baseline 0 0"><span class='ocrx_word' id='word_1_4' title='bbox 794 2329 859 2360; x_wconf 74' lang='lat' dir='ltr'><strong>XI!</strong></span> 
     </span>
    </p>
   </div>
   <div class='ocr_carea' id='block_1_5' title="bbox 1402 577 1903 621">
    <p class='ocr_par' dir='ltr' id='par_1_5' title="bbox 1402 577 1903 621">
     <span class='ocr_line' id='line_1_5' title="bbox 1402 577 1903 621; baseline 0.008 -4"><span class='ocrx_word' id='word_1_5' title='bbox 1402 577 1456 617; x_wconf 75' lang='lat' dir='ltr'><strong>A.</strong></span> <span class='ocrx_word' id='word_1_6' title='bbox 1495 577 1545 617; x_wconf 76' lang='lat' dir='ltr'><strong>C·</strong></span> <span class='ocrx_word' id='word_1_7' title='bbox 1586 577 1903 621; x_wconf 66' lang='lat' dir='ltr'><strong>FBRRuocn</strong></span> 
     </span>
    </p>
   </div>
   <div class='ocr_carea' id='block_1_6' title="bbox 866 664 2423 918">
    <p class='ocr_par' dir='ltr' id='par_1_6' title="bbox 866 664 2423 918">
     <span class='ocr_line' id='line_1_6' title="bbox 867 664 2203 735; baseline 0.005 -13"><span class='ocrx_word' id='word_1_8' title='bbox 867 664 1107 735; x_wconf 78' lang='lat' dir='ltr'><strong>Quietis.</strong></span> <span class='ocrx_word' id='word_1_9' title='bbox 1146 664 1400 725; x_wconf 77' lang='lat' dir='ltr'><strong>Medicus</strong></span> <span class='ocrx_word' id='word_1_10' title='bbox 1435 667 1644 730; x_wconf 83' lang='lat' dir='ltr'><strong>adfuit:</strong></span> <span class='ocrx_word' id='word_1_11' title='bbox 1686 668 1781 730; x_wconf 85' lang='lat' dir='ltr'><strong>ille</strong></span> <span class='ocrx_word' id='word_1_12' title='bbox 1818 670 1923 730; x_wconf 88' lang='lat' dir='ltr'><strong>sed</strong></span> <span class='ocrx_word' id='word_1_13' title='bbox 1960 670 2203 731; x_wconf 87' lang='lat' dir='ltr'><strong>auribus</strong></span> 
     </span>
     <span class='ocr_line' id='line_1_7' title="bbox 866 752 2423 836; baseline 0.006 -25"><span class='ocrx_word' id='word_1_14' title='bbox 866 752 1138 828; x_wconf 85' lang='lat' dir='ltr'><strong>Ejusdem</strong></span> <span class='ocrx_word' id='word_1_15' title='bbox 1178 755 1631 817; x_wconf 84' lang='lat' dir='ltr'><strong>insussurravit:</strong></span> <span class='ocrx_word' id='word_1_16' title='bbox 1669 790 1740 801; x_wconf 96' lang='lat'>—</span> <span class='ocrx_word' id='word_1_17' title='bbox 1777 760 1968 819; x_wconf 85' lang='lat' dir='ltr'><strong>Caveo</strong></span> <span class='ocrx_word' id='word_1_18' title='bbox 2003 759 2329 836; x_wconf 85' lang='lat' dir='ltr'><strong>conjugem.</strong></span> <span class='ocrx_word' id='word_1_19' title='bbox 2354 794 2423 804; x_wconf 89' lang='lat'>—</span> 
     </span>
     <span class='ocr_line' id='line_1_8' title="bbox 935 843 2253 918; baseline 0.002 -17"><span class='ocrx_word' id='word_1_20' title='bbox 935 844 1093 902; x_wconf 89' lang='lat' dir='ltr'><strong>Uxor</strong></span> <span class='ocrx_word' id='word_1_21' title='bbox 1129 843 1363 904; x_wconf 83' lang='lat' dir='ltr'><strong>inimica</strong></span> <span class='ocrx_word' id='word_1_22' title='bbox 1401 845 1562 918; x_wconf 87' lang='lat' dir='ltr'><strong>pacis</strong></span> <span class='ocrx_word' id='word_1_23' title='bbox 1599 846 1691 905; x_wconf 89' lang='lat' dir='ltr'><strong>est</strong></span> <span class='ocrx_word' id='word_1_24' title='bbox 1728 846 1943 908; x_wconf 90' lang='lat' dir='ltr'><strong>cohors</strong></span> <span class='ocrx_word' id='word_1_25' title='bbox 1980 847 2253 909; x_wconf 83' lang='lat' dir='ltr'><strong>febrium.</strong></span> 
     </span>
    </p>
   </div>
   <div class='ocr_carea' id='block_1_7' title="bbox 1487 989 1815 1000">
    <p class='ocr_par' dir='ltr' id='par_1_7' title="bbox 1487 989 1815 1000">
     <span class='ocr_line' id='line_1_9' title="bbox 1487 989 1815 1000; baseline 0 3935"><span class='ocrx_word' id='word_1_26' title='bbox 1487 989 1815 1000; x_wconf 95' lang='lat' dir='ltr'><strong> </strong></span> 
     </span>
    </p>
   </div>
   <div class='ocr_carea' id='block_1_8' title="bbox 851 1029 2067 1140">
    <p class='ocr_par' dir='ltr' id='par_1_8' title="bbox 851 1029 2067 1140">
     <span class='ocr_line' id='line_1_10' title="bbox 851 1029 2067 1140; baseline 0.017 -25"><span class='ocrx_word' id='word_1_27' title='bbox 851 1073 903 1116; x_wconf 68' lang='grc' dir='ltr'><strong>ιι.</strong></span> <span class='ocrx_word' id='word_1_28' title='bbox 1237 1029 1541 1136; x_wconf 68' lang='lat' dir='ltr'><strong>nemon</strong></span> <span class='ocrx_word' id='word_1_29' title='bbox 1575 1078 1666 1136; x_wconf 83' lang='lat' dir='ltr'><strong>ET</strong></span> <span class='ocrx_word' id='word_1_30' title='bbox 1705 1078 2067 1140; x_wconf 63' lang='lat' dir='ltr'><strong>camiros.</strong></span> 
     </span>
    </p>
   </div>
   <div class='ocr_carea' id='block_1_9' title="bbox 860 1197 2377 2164">
    <p class='ocr_par' dir='ltr' id='par_1_9' title="bbox 863 1197 1999 1274">
     <span class='ocr_line' id='line_1_11' title="bbox 863 1197 1999 1274; baseline 0.004 -19"><span class='ocrx_word' id='word_1_31' title='bbox 863 1201 1029 1256; x_wconf 75' lang='lat' dir='ltr'><strong>AEms</strong></span> <span class='ocrx_word' id='word_1_32' title='bbox 1065 1197 1238 1257; x_wconf 89' lang='lat' dir='ltr'><strong>alieni</strong></span> <span class='ocrx_word' id='word_1_33' title='bbox 1275 1201 1699 1272; x_wconf 78' lang='lat' dir='ltr'><strong>praegravatus</strong></span> <span class='ocrx_word' id='word_1_34' title='bbox 1735 1201 1999 1274; x_wconf 88' lang='lat' dir='ltr'><strong>pondere</strong></span> 
     </span>
    </p>

    <p class='ocr_par' dir='ltr' id='par_1_10' title="bbox 860 1286 1904 1362">
     <span class='ocr_line' id='line_1_12' title="bbox 860 1286 1904 1362; baseline 0.002 -15"><span class='ocrx_word' id='word_1_35' title='bbox 860 1288 968 1347; x_wconf 79' lang='lat' dir='ltr'><strong>Vir</strong></span> <span class='ocrx_word' id='word_1_36' title='bbox 1005 1286 1357 1362; x_wconf 72' lang='lat' dir='ltr'><strong>impetrabat</strong></span> <span class='ocrx_word' id='word_1_37' title='bbox 1394 1287 1570 1347; x_wconf 89' lang='lat' dir='ltr'><strong>utiles</strong></span> <span class='ocrx_word' id='word_1_38' title='bbox 1607 1289 1904 1360; x_wconf 63' lang='lat' dir='ltr'><strong>induem,</strong></span> 
     </span>
    </p>

    <p class='ocr_par' dir='ltr' id='par_1_11' title="bbox 863 1376 2069 1448">
     <span class='ocr_line' id='line_1_13' title="bbox 863 1376 2069 1448; baseline -0.001 -11"><span class='ocrx_word' id='word_1_39' title='bbox 863 1376 1155 1437; x_wconf 89' lang='lat' dir='ltr'><strong>Solvendo</strong></span> <span class='ocrx_word' id='word_1_40' title='bbox 1194 1377 1259 1435; x_wconf 91' lang='lat' dir='ltr'><strong>ut</strong></span> <span class='ocrx_word' id='word_1_41' title='bbox 1295 1379 1454 1435; x_wconf 87' lang='lat' dir='ltr'><strong>esset</strong></span> <span class='ocrx_word' id='word_1_42' title='bbox 1487 1377 1560 1436; x_wconf 88' lang='lat' dir='ltr'><strong>ad</strong></span> <span class='ocrx_word' id='word_1_43' title='bbox 1595 1376 1873 1440; x_wconf 80' lang='lat' dir='ltr'>kalendas</span> <span class='ocrx_word' id='word_1_44' title='bbox 1907 1377 2069 1448; x_wconf 73' lang='lat' dir='ltr'><strong>iulii,</strong></span> 
     </span>
    </p>

    <p class='ocr_par' dir='ltr' id='par_1_12' title="bbox 862 1463 2065 1538">
     <span class='ocr_line' id='line_1_14' title="bbox 862 1463 2065 1538; baseline -0.003 -14"><span class='ocrx_word' id='word_1_45' title='bbox 862 1465 981 1524; x_wconf 90' lang='lat' dir='ltr'><strong>Sibi</strong></span> <span class='ocrx_word' id='word_1_46' title='bbox 1022 1466 1326 1538; x_wconf 79' lang='lat' dir='ltr'><strong>precatuS,</strong></span> <span class='ocrx_word' id='word_1_47' title='bbox 1365 1463 1497 1523; x_wconf 77' lang='lat' dir='ltr'><strong>fidei</strong></span> <span class='ocrx_word' id='word_1_48' title='bbox 1537 1465 1586 1524; x_wconf 90' lang='lat' dir='ltr'><strong>si</strong></span> <span class='ocrx_word' id='word_1_49' title='bbox 1626 1466 1806 1537; x_wconf 85' lang='lat' dir='ltr'><strong>desit,</strong></span> <span class='ocrx_word' id='word_1_50' title='bbox 1846 1480 2065 1526; x_wconf 86' lang='lat' dir='ltr'><strong>necem.</strong></span> 
     </span>
    </p>

    <p class='ocr_par' dir='ltr' id='par_1_13' title="bbox 860 1551 2018 1628">
     <span class='ocr_line' id='line_1_15' title="bbox 860 1551 2018 1628; baseline 0 -16"><span class='ocrx_word' id='word_1_51' title='bbox 860 1554 1046 1612; x_wconf 80' lang='lat' dir='ltr'><strong>Dilata</strong></span> <span class='ocrx_word' id='word_1_52' title='bbox 1081 1552 1152 1613; x_wconf 88' lang='lat' dir='ltr'><strong>ad</strong></span> <span class='ocrx_word' id='word_1_53' title='bbox 1190 1551 1323 1612; x_wconf 89' lang='lat' dir='ltr'><strong>idus</strong></span> <span class='ocrx_word' id='word_1_54' title='bbox 1363 1567 1460 1612; x_wconf 82' lang='lat' dir='ltr'><strong>res</strong></span> <span class='ocrx_word' id='word_1_55' title='bbox 1497 1555 1615 1624; x_wconf 89' lang='lat' dir='ltr'><strong>est,</strong></span> <span class='ocrx_word' id='word_1_56' title='bbox 1658 1555 2018 1628; x_wconf 81' lang='lat' dir='ltr'><strong>indulgentia</strong></span> 
     </span>
    </p>

    <p class='ocr_par' dir='ltr' id='par_1_14' title="bbox 861 1641 2157 1718">
     <span class='ocr_line' id='line_1_16' title="bbox 861 1641 2157 1718; baseline 0.002 -18"><span class='ocrx_word' id='word_1_57' title='bbox 861 1642 1038 1701; x_wconf 84' lang='lat' dir='ltr'><strong>Avari</strong></span> <span class='ocrx_word' id='word_1_58' title='bbox 1077 1641 1419 1713; x_wconf 80' lang='lat' dir='ltr'><strong>creditoriS,</strong></span> <span class='ocrx_word' id='word_1_59' title='bbox 1459 1657 1777 1702; x_wconf 86' lang='lat' dir='ltr'><strong>numerum</strong></span> <span class='ocrx_word' id='word_1_60' title='bbox 1816 1645 1883 1703; x_wconf 91' lang='lat' dir='ltr'><strong>ut</strong></span> <span class='ocrx_word' id='word_1_61' title='bbox 1919 1643 2157 1718; x_wconf 85' lang='lat' dir='ltr'><strong>impleat</strong></span> 
     </span>
    </p>

    <p class='ocr_par' dir='ltr' id='par_1_15' title="bbox 861 1731 2155 1807">
     <span class='ocr_line' id='line_1_17' title="bbox 861 1731 2155 1807; baseline -0.002 -17"><span class='ocrx_word' id='word_1_62' title='bbox 861 1733 1103 1790; x_wconf 85' lang='lat' dir='ltr'><strong>Dierum</strong></span> <span class='ocrx_word' id='word_1_63' title='bbox 1143 1743 1322 1790; x_wconf 90' lang='lat' dir='ltr'><strong>usura</strong></span> <span class='ocrx_word' id='word_1_64' title='bbox 1355 1731 1582 1805; x_wconf 74' lang='lat' dir='ltr'><strong>Justum</strong></span> <span class='ocrx_word' id='word_1_65' title='bbox 1621 1731 1775 1807; x_wconf 79' lang='lat' dir='ltr'><strong>apud</strong></span> <span class='ocrx_word' id='word_1_66' title='bbox 1816 1732 2155 1792; x_wconf 75' lang='lat' dir='ltr'><strong>mensarios,</strong></span> 
     </span>
    </p>

    <p class='ocr_par' dir='ltr' id='par_1_16' title="bbox 865 1819 2192 1896">
     <span class='ocr_line' id='line_1_18' title="bbox 865 1819 2192 1896; baseline 0.002 -18"><span class='ocrx_word' id='word_1_67' title='bbox 865 1821 1146 1891; x_wconf 89' lang='lat' dir='ltr'><strong>Quisnam</strong></span> <span class='ocrx_word' id='word_1_68' title='bbox 1186 1819 1478 1895; x_wconf 79' lang='lat' dir='ltr'><strong>putasset,</strong></span> <span class='ocrx_word' id='word_1_69' title='bbox 1516 1835 1652 1882; x_wconf 88' lang='lat' dir='ltr'><strong>eum</strong></span> <span class='ocrx_word' id='word_1_70' title='bbox 1690 1821 1961 1896; x_wconf 80' lang='lat' dir='ltr'><strong>apoplexi</strong></span> <span class='ocrx_word' id='word_1_71' title='bbox 1999 1821 2192 1896; x_wconf 80' lang='lat' dir='ltr'><strong>pridie</strong></span> 
     </span>
    </p>

    <p class='ocr_par' dir='ltr' id='par_1_17' title="bbox 861 1909 2079 1983">
     <span class='ocr_line' id='line_1_19' title="bbox 861 1909 2079 1983; baseline 0.001 -15"><span class='ocrx_word' id='word_1_72' title='bbox 861 1909 997 1969; x_wconf 90' lang='lat' dir='ltr'><strong>ldus</strong></span> <span class='ocrx_word' id='word_1_73' title='bbox 1033 1909 1299 1969; x_wconf 76' lang='lat' dir='ltr'><strong>futurum</strong></span> <span class='ocrx_word' id='word_1_74' title='bbox 1337 1923 1518 1983; x_wconf 84' lang='lat' dir='ltr'><strong>grave</strong></span> <span class='ocrx_word' id='word_1_75' title='bbox 1556 1910 1807 1971; x_wconf 81' lang='lat' dir='ltr'><strong>cadaver</strong></span> <span class='ocrx_word' id='word_1_76' title='bbox 1842 1912 1903 1970; x_wconf 90' lang='lat' dir='ltr'><strong>in</strong></span> <span class='ocrx_word' id='word_1_77' title='bbox 1944 1909 2079 1971; x_wconf 81' lang='lat' dir='ltr'><strong>foro</strong></span> 
     </span>
    </p>

    <p class='ocr_par' dir='ltr' id='par_1_18' title="bbox 863 1998 2377 2164">
     <span class='ocr_line' id='line_1_20' title="bbox 863 1998 2232 2075; baseline 0 -18"><span class='ocrx_word' id='word_1_78' title='bbox 863 2001 935 2058; x_wconf 87' lang='lat' dir='ltr'><strong>Et</strong></span> <span class='ocrx_word' id='word_1_79' title='bbox 970 1998 1136 2070; x_wconf 85' lang='lat' dir='ltr'><strong>huic,</strong></span> <span class='ocrx_word' id='word_1_80' title='bbox 1175 1999 1234 2058; x_wconf 93' lang='lat' dir='ltr'><strong>et</strong></span> <span class='ocrx_word' id='word_1_81' title='bbox 1270 1999 1398 2058; x_wconf 88' lang='lat' dir='ltr'><strong>aliis</strong></span> <span class='ocrx_word' id='word_1_82' title='bbox 1437 1999 1919 2075; x_wconf 80' lang='lat' dir='ltr'><strong>exspectantibus</strong></span> <span class='ocrx_word' id='word_1_83' title='bbox 1958 1999 2232 2059; x_wconf 69' lang='lat' dir='ltr'><strong>lucrum?</strong></span> 
     </span>
     <span class='ocr_line' id='line_1_21' title="bbox 931 2087 2377 2164; baseline -0.001 -18"><span class='ocrx_word' id='word_1_84' title='bbox 931 2087 1180 2147; x_wconf 77' lang='lat' dir='ltr'><strong>Differre</strong></span> <span class='ocrx_word' id='word_1_85' title='bbox 1214 2101 1450 2164; x_wconf 87' lang='lat' dir='ltr'><strong>semper</strong></span> <span class='ocrx_word' id='word_1_86' title='bbox 1485 2091 1693 2148; x_wconf 86' lang='lat' dir='ltr'><strong>nocuit</strong></span> <span class='ocrx_word' id='word_1_87' title='bbox 1731 2091 1819 2159; x_wconf 92' lang='lat' dir='ltr'><strong>(ut</strong></span> <span class='ocrx_word' id='word_1_88' title='bbox 1853 2092 1945 2149; x_wconf 88' lang='lat' dir='ltr'><strong>est</strong></span> <span class='ocrx_word' id='word_1_89' title='bbox 1982 2089 2042 2148; x_wconf 87' lang='lat' dir='ltr'><strong>in</strong></span> <span class='ocrx_word' id='word_1_90' title='bbox 2082 2089 2377 2158; x_wconf 86' lang='lat' dir='ltr'><strong>carmine).</strong></span> 
     </span>
    </p>
   </div>
   <div class='ocr_carea' id='block_1_10' title="bbox 1489 2229 1819 2240">
    <p class='ocr_par' dir='ltr' id='par_1_19' title="bbox 1489 2229 1819 2240">
     <span class='ocr_line' id='line_1_22' title="bbox 1489 2229 1819 2240; baseline 0 2695"><span class='ocrx_word' id='word_1_91' title='bbox 1489 2229 1819 2240; x_wconf 95' lang='lat' dir='ltr'><strong> </strong></span> 
     </span>
    </p>
   </div>
   <div class='ocr_carea' id='block_1_11' title="bbox 862 2291 2117 2378">
    <p class='ocr_par' dir='ltr' id='par_1_20' title="bbox 862 2291 2117 2378">
     <span class='ocr_line' id='line_1_23' title="bbox 862 2291 2117 2378; baseline 0.006 -8"><span class='ocrx_word' id='word_1_92' title='bbox 862 2320 914 2362; x_wconf 80' lang='grc' dir='ltr'><strong>ιι.</strong></span> <span class='ocrx_word' id='word_1_93' title='bbox 1320 2317 1567 2378; x_wconf 79' lang='lat' dir='ltr'><strong>Asmus</strong></span> <span class='ocrx_word' id='word_1_94' title='bbox 1603 2316 1987 2376; x_wconf 61' lang='lat' dir='ltr'><strong>canamus.</strong></span> <span class='ocrx_word' id='word_1_95' title='bbox 2112 2291 2117 2295; x_wconf 77' lang='grc'><strong>’</strong></span> 
     </span>
    </p>
   </div>
   <div class='ocr_carea' id='block_1_12' title="bbox 860 2441 2312 3583">
    <p class='ocr_par' dir='ltr' id='par_1_21' title="bbox 860 2441 2312 3583">
     <span class='ocr_line' id='line_1_24' title="bbox 860 2441 2282 2517; baseline -0.002 -13"><span class='ocrx_word' id='word_1_96' title='bbox 860 2448 1142 2504; x_wconf 71' lang='lat' dir='ltr'><strong>iunicum</strong></span> <span class='ocrx_word' id='word_1_97' title='bbox 1179 2443 1404 2513; x_wconf 82' lang='lat' dir='ltr'><strong>meriti,</strong></span> <span class='ocrx_word' id='word_1_98' title='bbox 1445 2443 1583 2517; x_wconf 83' lang='lat' dir='ltr'><strong>quia</strong></span> <span class='ocrx_word' id='word_1_99' title='bbox 1620 2453 1737 2502; x_wconf 91' lang='lat' dir='ltr'><strong>non</strong></span> <span class='ocrx_word' id='word_1_100' title='bbox 1776 2442 1869 2501; x_wconf 87' lang='lat' dir='ltr'><strong>est-</strong></span> <span class='ocrx_word' id='word_1_101' title='bbox 1902 2441 2282 2514; x_wconf 87' lang='lat' dir='ltr'><strong>merentium,</strong></span> 
     </span>
     <span class='ocr_line' id='line_1_25' title="bbox 864 2531 2031 2605; baseline -0.002 -13"><span class='ocrx_word' id='word_1_102' title='bbox 864 2534 1216 2605; x_wconf 84' lang='lat' dir='ltr'><strong>Plerumque</strong></span> <span class='ocrx_word' id='word_1_103' title='bbox 1252 2531 1396 2591; x_wconf 72' lang='lat' dir='ltr'><strong>fallit</strong></span> <span class='ocrx_word' id='word_1_104' title='bbox 1432 2546 1465 2591; x_wconf 88' lang='lat' dir='ltr'><strong>a</strong></span> <span class='ocrx_word' id='word_1_105' title='bbox 1504 2531 1795 2591; x_wconf 89' lang='lat' dir='ltr'><strong>mercedis</strong></span> <span class='ocrx_word' id='word_1_106' title='bbox 1834 2531 2031 2605; x_wconf 85' lang='lat' dir='ltr'><strong>inopia</strong></span> 
     </span>
     <span class='ocr_line' id='line_1_26' title="bbox 862 2619 2294 2696; baseline -0.004 -14"><span class='ocrx_word' id='word_1_107' title='bbox 862 2625 1062 2696; x_wconf 83' lang='lat' dir='ltr'><strong>Magna</strong></span> <span class='ocrx_word' id='word_1_108' title='bbox 1101 2636 1206 2696; x_wconf 89' lang='lat' dir='ltr'><strong>spe</strong></span> <span class='ocrx_word' id='word_1_109' title='bbox 1243 2634 1480 2696; x_wconf 83' lang='lat' dir='ltr'><strong>semper</strong></span> <span class='ocrx_word' id='word_1_110' title='bbox 1517 2624 1971 2696; x_wconf 84' lang='lat' dir='ltr'><strong>praecurrentes</strong></span> <span class='ocrx_word' id='word_1_111' title='bbox 2009 2619 2294 2681; x_wconf 71' lang='lat' dir='ltr'><strong>subdi-tos,</strong></span> 
     </span>
     <span class='ocr_line' id='line_1_27' title="bbox 943 2710 2239 2784; baseline -0.001 -14"><span class='ocrx_word' id='word_1_112' title='bbox 943 2712 1163 2771; x_wconf 86' lang='lat' dir='ltr'><strong>Asinus</strong></span> <span class='ocrx_word' id='word_1_113' title='bbox 1201 2710 1613 2771; x_wconf 80' lang='lat' dir='ltr'><strong>exstimulatus</strong></span> <span class='ocrx_word' id='word_1_114' title='bbox 1652 2712 1710 2770; x_wconf 90' lang='lat' dir='ltr'><strong>in</strong></span> <span class='ocrx_word' id='word_1_115' title='bbox 1748 2711 2044 2770; x_wconf 86' lang='lat' dir='ltr'><strong>exercitus</strong></span> <span class='ocrx_word' id='word_1_116' title='bbox 2080 2710 2239 2784; x_wconf 83' lang='lat' dir='ltr'><strong>fuga,</strong></span> 
     </span>
     <span class='ocr_line' id='line_1_28' title="bbox 862 2800 2308 2874; baseline -0.001 -14"><span class='ocrx_word' id='word_1_117' title='bbox 862 2801 1261 2872; x_wconf 82' lang='lat' dir='ltr'><strong>Quorumdam</strong></span> <span class='ocrx_word' id='word_1_118' title='bbox 1301 2800 1551 2859; x_wconf 89' lang='lat' dir='ltr'><strong>militum</strong></span> <span class='ocrx_word' id='word_1_119' title='bbox 1592 2802 1985 2860; x_wconf 85' lang='lat' dir='ltr'><strong>commeatum</strong></span> <span class='ocrx_word' id='word_1_120' title='bbox 2024 2802 2308 2874; x_wconf 87' lang='lat' dir='ltr'><strong>sospitem</strong></span> 
     </span>
     <span class='ocr_line' id='line_1_29' title="bbox 862 2888 2095 2964; baseline -0.003 -15"><span class='ocrx_word' id='word_1_121' title='bbox 862 2889 952 2949; x_wconf 84' lang='lat' dir='ltr'><strong>Ab</strong></span> <span class='ocrx_word' id='word_1_122' title='bbox 988 2888 1262 2949; x_wconf 88' lang='lat' dir='ltr'><strong>hostibus</strong></span> <span class='ocrx_word' id='word_1_123' title='bbox 1298 2890 1574 2964; x_wconf 87' lang='lat' dir='ltr'><strong>portabat</strong></span> <span class='ocrx_word' id='word_1_124' title='bbox 1610 2889 1846 2951; x_wconf 90' lang='lat' dir='ltr'><strong>clitellis</strong></span> <span class='ocrx_word' id='word_1_125' title='bbox 1883 2889 2095 2949; x_wconf 76' lang='lat' dir='ltr'><strong>tribue.</strong></span> 
     </span>
     <span class='ocr_line' id='line_1_30' title="bbox 864 2970 2249 3051; baseline 0 -15"><span class='ocrx_word' id='word_1_126' title='bbox 864 2970 1082 3036; x_wconf 88' lang='lat' dir='ltr'><strong>Vector</strong></span> <span class='ocrx_word' id='word_1_127' title='bbox 1117 2976 1390 3051; x_wconf 84' lang='lat' dir='ltr'><strong>gemebat</strong></span> <span class='ocrx_word' id='word_1_128' title='bbox 1416 2977 1528 3036; x_wconf 92' lang='lat' dir='ltr'><strong>sub</strong></span> <span class='ocrx_word' id='word_1_129' title='bbox 1568 2978 1771 3051; x_wconf 90' lang='lat' dir='ltr'><strong>iniquo</strong></span> <span class='ocrx_word' id='word_1_130' title='bbox 1809 2976 1949 3036; x_wconf 88' lang='lat' dir='ltr'><strong>dum</strong></span> <span class='ocrx_word' id='word_1_131' title='bbox 1992 2977 2249 3051; x_wconf 85' lang='lat' dir='ltr'><strong>pondere</strong></span> 
     </span>
     <span class='ocr_line' id='line_1_31' title="bbox 862 3066 2312 3141; baseline -0.001 -15"><span class='ocrx_word' id='word_1_132' title='bbox 862 3070 1104 3139; x_wconf 84' lang='lat' dir='ltr'><strong>(Gerere</strong></span> <span class='ocrx_word' id='word_1_133' title='bbox 1139 3080 1275 3127; x_wconf 88' lang='lat' dir='ltr'><strong>nam</strong></span> <span class='ocrx_word' id='word_1_134' title='bbox 1307 3066 1465 3141; x_wconf 77' lang='lat' dir='ltr'><strong>iuste</strong></span> <span class='ocrx_word' id='word_1_135' title='bbox 1502 3066 1767 3141; x_wconf 85' lang='lat' dir='ltr'><strong>duplices</strong></span> <span class='ocrx_word' id='word_1_136' title='bbox 1804 3066 2057 3127; x_wconf 88' lang='lat' dir='ltr'><strong>dicimus</strong></span> <span class='ocrx_word' id='word_1_137' title='bbox 2093 3068 2312 3138; x_wconf 90' lang='lat' dir='ltr'><strong>asinos)</strong></span> 
     </span>
     <span class='ocr_line' id='line_1_32' title="bbox 864 3155 2216 3231; baseline -0.001 -17"><span class='ocrx_word' id='word_1_138' title='bbox 864 3156 1216 3231; x_wconf 83' lang='lat' dir='ltr'><strong>Supervenit</strong></span> <span class='ocrx_word' id='word_1_139' title='bbox 1249 3157 1347 3227; x_wconf 85' lang='lat' dir='ltr'><strong>qui</strong></span> <span class='ocrx_word' id='word_1_140' title='bbox 1385 3155 1611 3230; x_wconf 81' lang='lat' dir='ltr'><strong>galeam</strong></span> <span class='ocrx_word' id='word_1_141' title='bbox 1648 3156 1827 3231; x_wconf 86' lang='lat' dir='ltr'><strong>capiti</strong></span> <span class='ocrx_word' id='word_1_142' title='bbox 1864 3156 2216 3231; x_wconf 86' lang='lat' dir='ltr'><strong>imponeret:</strong></span> 
     </span>
     <span class='ocr_line' id='line_1_33' title="bbox 861 3244 2154 3306; baseline -0.002 -2"><span class='ocrx_word' id='word_1_143' title='bbox 861 3248 1014 3304; x_wconf 81' lang='lat' dir='ltr'><strong>Bene</strong></span> <span class='ocrx_word' id='word_1_144' title='bbox 1055 3245 1316 3305; x_wconf 82' lang='lat' dir='ltr'><strong>toleratis</strong></span> <span class='ocrx_word' id='word_1_145' title='bbox 1355 3244 1498 3305; x_wconf 85' lang='lat' dir='ltr'><strong>haec</strong></span> <span class='ocrx_word' id='word_1_146' title='bbox 1534 3248 1595 3305; x_wconf 90' lang='lat' dir='ltr'><strong>et</strong></span> <span class='ocrx_word' id='word_1_147' title='bbox 1631 3260 1862 3306; x_wconf 88' lang='lat' dir='ltr'><strong>merces</strong></span> <span class='ocrx_word' id='word_1_148' title='bbox 1902 3245 2154 3305; x_wconf 88' lang='lat' dir='ltr'><strong>sarcinis</strong></span> 
     </span>
     <span class='ocr_line' id='line_1_34' title="bbox 863 3332 2297 3408; baseline -0.005 -15"><span class='ocrx_word' id='word_1_149' title='bbox 863 3336 1022 3405; x_wconf 84' lang='lat' dir='ltr'><strong>Fuit,</strong></span> <span class='ocrx_word' id='word_1_150' title='bbox 1059 3334 1132 3393; x_wconf 87' lang='lat' dir='ltr'><strong>ad</strong></span> <span class='ocrx_word' id='word_1_151' title='bbox 1165 3336 1500 3393; x_wconf 88' lang='lat' dir='ltr'><strong>extremum</strong></span> <span class='ocrx_word' id='word_1_152' title='bbox 1541 3349 1825 3408; x_wconf 86' lang='lat' dir='ltr'><strong>perquam</strong></span> <span class='ocrx_word' id='word_1_153' title='bbox 1862 3334 2119 3393; x_wconf 81' lang='lat' dir='ltr'><strong>difficilis</strong></span> <span class='ocrx_word' id='word_1_154' title='bbox 2156 3332 2297 3390; x_wconf 86' lang='lat' dir='ltr'><strong>viae.</strong></span> 
     </span>
     <span class='ocr_line' id='line_1_35' title="bbox 936 3420 2148 3496; baseline -0.001 -16"><span class='ocrx_word' id='word_1_155' title='bbox 936 3423 1020 3481; x_wconf 85' lang='lat' dir='ltr'><strong>lbi</strong></span> <span class='ocrx_word' id='word_1_156' title='bbox 1059 3423 1336 3483; x_wconf 86' lang='lat' dir='ltr'><strong>tabernae</strong></span> <span class='ocrx_word' id='word_1_157' title='bbox 1374 3424 1549 3483; x_wconf 83' lang='lat' dir='ltr'><strong>lictus</strong></span> <span class='ocrx_word' id='word_1_158' title='bbox 1586 3424 1644 3480; x_wconf 92' lang='lat' dir='ltr'><strong>in</strong></span> <span class='ocrx_word' id='word_1_159' title='bbox 1684 3424 1919 3496; x_wconf 82' lang='lat' dir='ltr'><strong>signum</strong></span> <span class='ocrx_word' id='word_1_160' title='bbox 1959 3420 2148 3492; x_wconf 85' lang='lat' dir='ltr'><strong>stetit,</strong></span> 
     </span>
     <span class='ocr_line' id='line_1_36' title="bbox 866 3510 2295 3583; baseline -0.001 -14"><span class='ocrx_word' id='word_1_161' title='bbox 866 3514 1114 3572; x_wconf 83' lang='lat' dir='ltr'><strong>AEtatem</strong></span> <span class='ocrx_word' id='word_1_162' title='bbox 1139 3512 1223 3572; x_wconf 75' lang='lat' dir='ltr'><strong>ad</strong></span> <span class='ocrx_word' id='word_1_163' title='bbox 1261 3515 1554 3581; x_wconf 87' lang='lat' dir='ltr'><strong>nostram,</strong></span> <span class='ocrx_word' id='word_1_164' title='bbox 1592 3515 1743 3570; x_wconf 88' lang='lat' dir='ltr'><strong>mire</strong></span> <span class='ocrx_word' id='word_1_165' title='bbox 1780 3510 2041 3583; x_wconf 83' lang='lat' dir='ltr'><strong>galeatus</strong></span> <span class='ocrx_word' id='word_1_166' title='bbox 2079 3510 2295 3570; x_wconf 87' lang='lat' dir='ltr'><strong>asinus.</strong></span> 
     </span>
    </p>
   </div>
   <div class='ocr_carea' id='block_1_13' title="bbox 1429 3654 1865 3664">
    <p class='ocr_par' dir='ltr' id='par_1_22' title="bbox 1429 3654 1865 3664">
     <span class='ocr_line' id='line_1_37' title="bbox 1429 3654 1865 3664; baseline 0 1271"><span class='ocrx_word' id='word_1_167' title='bbox 1429 3654 1865 3664; x_wconf 95' lang='lat' dir='ltr'><strong> </strong></span> 
     </span>
    </p>
   </div>
   <div class='ocr_carea' id='block_1_14' title="bbox 1279 3742 2026 3813">
    <p class='ocr_par' dir='ltr' id='par_1_23' title="bbox 1279 3742 2026 3813">
     <span class='ocr_line' id='line_1_38' title="bbox 1279 3742 2026 3813; baseline -0.008 -12"><span class='ocrx_word' id='word_1_168' title='bbox 1279 3744 1594 3813; x_wconf 82' lang='lat' dir='ltr'>QUERCUS</span> <span class='ocrx_word' id='word_1_169' title='bbox 1631 3744 1719 3800; x_wconf 88' lang='lat' dir='ltr'><strong>ET</strong></span> <span class='ocrx_word' id='word_1_170' title='bbox 1756 3742 1958 3802; x_wconf 83' lang='lat' dir='ltr'>VIMIN</span> <span class='ocrx_word' id='word_1_171' title='bbox 1963 3743 2026 3799; x_wconf 87' lang='lat' dir='ltr'><strong>A.</strong></span> 
     </span>
    </p>
   </div>
   <div class='ocr_carea' id='block_1_15' title="bbox 867 3868 2207 4121">
    <p class='ocr_par' dir='ltr' id='par_1_24' title="bbox 867 3868 2207 4121">
     <span class='ocr_line' id='line_1_39' title="bbox 868 3868 2073 3942; baseline -0.004 -12"><span class='ocrx_word' id='word_1_172' title='bbox 868 3874 1119 3931; x_wconf 64' lang='lat' dir='ltr'><strong>Amsosa</strong></span> <span class='ocrx_word' id='word_1_173' title='bbox 1156 3882 1409 3941; x_wconf 87' lang='lat' dir='ltr'><strong>quercus</strong></span> <span class='ocrx_word' id='word_1_174' title='bbox 1449 3868 1781 3928; x_wconf 90' lang='lat' dir='ltr'><strong>sustinebat</strong></span> <span class='ocrx_word' id='word_1_175' title='bbox 1819 3883 2073 3942; x_wconf 87' lang='lat' dir='ltr'><strong>corpore</strong></span> 
     </span>
     <span class='ocr_line' id='line_1_40' title="bbox 867 3954 2207 4032; baseline -0.005 -14"><span class='ocrx_word' id='word_1_176' title='bbox 867 3958 1149 4018; x_wconf 89' lang='lat' dir='ltr'><strong>Umbram</strong></span> <span class='ocrx_word' id='word_1_177' title='bbox 1185 3958 1514 4027; x_wconf 86' lang='lat' dir='ltr'><strong>salubrem,</strong></span> <span class='ocrx_word' id='word_1_178' title='bbox 1554 3957 1919 4032; x_wconf 82' lang='lat' dir='ltr'><strong>protegendo</strong></span> <span class='ocrx_word' id='word_1_179' title='bbox 1961 3954 2207 4023; x_wconf 83' lang='lat' dir='ltr'><strong>vimina,</strong></span> 
     </span>
     <span class='ocr_line' id='line_1_41' title="bbox 874 4046 2066 4121; baseline -0.005 -15"><span class='ocrx_word' id='word_1_180' title='bbox 874 4051 1050 4121; x_wconf 84' lang='lat' dir='ltr'><strong>AEgre</strong></span> <span class='ocrx_word' id='word_1_181' title='bbox 1089 4048 1355 4108; x_wconf 78' lang='lat' dir='ltr'><strong>ferebant</strong></span> <span class='ocrx_word' id='word_1_182' title='bbox 1391 4062 1541 4119; x_wconf 85' lang='lat' dir='ltr'><strong>quae</strong></span> <span class='ocrx_word' id='word_1_183' title='bbox 1578 4062 1783 4107; x_wconf 82' lang='lat' dir='ltr'><strong>carere</strong></span> <span class='ocrx_word' id='word_1_184' title='bbox 1822 4046 2066 4105; x_wconf 80' lang='lat' dir='ltr'><strong>solibus.</strong></span> 
     </span>
    </p>
   </div>
  </div>
 </body>
</html>
