2996 4935
1271 618 1551 662 numum.

689 728 862 787 Hioce
888 731 1079 788 bovem
1106 730 1288 787 vivum
1315 729 1480 787 dorso
1506 728 1885 799 circumtulit:
1922 729 2019 788 ille

761 834 1071 894 Vivifioans
1095 834 1286 894 asinos
1313 836 1431 893 arte
1457 834 1805 908 magisterii,
2036 902 2049 916 .

689 942 824 1001 Fert
847 943 918 1001 ab
947 943 1155 1001 honore
1179 942 1406 1002 scholae
1431 942 1506 1001 ad
1531 958 1715 1001 rerum
1738 940 1907 1001 civile
1930 942 2233 1025 theatrnm3

756 1050 828 1109 In
867 1051 1030 1108 coetu
1065 1051 1130 1109 ut
1163 1051 1398 1109 sedeant
1421 1048 1756 1126 consiliante
1778 1049 2020 1121 patrum.

685 1131 958 1227 M‘agnum
982 1157 1089 1227 est,
1115 1155 1328 1215 auritos
1352 1155 1587 1229 implere
1609 1155 1813 1215 sedilia
1837 1154 2021 1226 ciU0s3

762 1261 947 1335 Majus
969 1258 1178 1321 habere
1208 1262 1374 1323 boum
1399 1262 1617 1335 pondus
1641 1262 1701 1319 in
1730 1262 1869 1321 urbe
1890 1278 2011 1321 sua.

951 1518 956 1525 ·
1043 1500 1306 1561 AEDON
1344 1502 1438 1560 ET
1459 1497 1777 1561 commi.

561 1694 564 1699 .
684 1642 1009 1701 Poemenis
1035 1646 1184 1702 inter
1208 1645 1435 1703 frondes
1461 1646 1592 1703 dum
1618 1645 1815 1703 cantat
1838 1617 2019 1702 aedon

496 2628 582 2686 vI.

751 1748 972 1807 Flebile
997 1752 1145 1822 quod
1172 1751 1284 1811 dici
1311 1752 1518 1825 possit,
1544 1752 1789 1825 itemque
1815 1750 2068 1823 placens,

685 1838 827 1915 Ilioe
853 1857 925 1914 ab
951 1858 1187 1917 adversa
1206 1859 1396 1919 cornix
1422 1858 1630 1917 infesta
1654 1858 1967 1931 strepebat,

752 1962 934 2034 quue
964 1963 1262 2022 videbatur
1285 1965 1344 2022 vi
1367 1966 1555 2023 faeere
1581 1966 1839 2023 invidiae.

685 2068 790 2127 Vir
813 2068 926 2126 fuit
949 2070 1098 2126 hano
1121 2069 1294 2128 vellet
1315 2070 1414 2140 qui
1439 2071 1719 2128 deterrere
1744 2070 2059 2140 molestam

752 2175 976 2234 Invitus
1005 2176 1102 2234 sed
1121 2192 1244 2235 eam
1270 2192 1404 2235 voce
1430 2176 1659 2249 fugavit
1684 2175 1851 2233 avim.
1876 2208 1944 2219 —

686 2282 886 2341 Gratia
907 2284 1108 2355 sponte
1133 2282 1325 2354 venit‚-
1333 2284 1655 2357 gaudetque
1678 2284 1905 2355 recepba
1926 2283 2131 2341 teneri:

755 2390 866 2449 Sed
891 2389 1076 2465 fugiiz,
1099 2408 1167 2450 ex
1191 2390 1322 2450 aliis
1347 2390 1480 2449 dum
1508 2390 1675 2449 timet
1696 2390 1825 2465 ipsa
1839 2388 1967 2448 sibi.

1027 2631 1323 2690 COMETA
1359 2631 1785 2693 EXITIALIS.

684 2769 828 2829 Esse
856 2775 1195 2832 cometarum
1219 2774 1546 2846 plerumque
1570 2773 1787 2847 praeire
1814 2773 2008 2832 ruinas

751 2879 963 2940 Dicunt
989 2895 1286 2953 regnorum
1314 2880 1498 2937 sidere
1526 2880 1775 2938 funereo,

684 2986 908 3044 Deletos
933 3003 1093 3059 reges
1118 2986 1412 3046 Germania
1441 2987 1608 3058 vidit,
1632 2989 1695 3045 ut
1717 2986 1845 3046 inde

752 3091 1052 3166 Imperium
1078 3093 1236 3152 fieret
1258 3093 1460 3150 Martis
1487 3093 1563 3150 ab
1591 3094 1710 3151 arte
1736 3104 1959 3151 novum.

683 3201 843 3272 Quod
869 3200 924 3256 vi
953 3201 1300 3272 compactum
1325 3201 1436 3270 est,
1456 3197 1673 3256 utinam
1704 3198 1977 3257 consisizat
1995 3214 2179 3256 amore

751 3307 1006 3366 Moribus
1032 3307 1318 3376 ornatum,
1340 3304 1566 3378 legibus
1591 3306 1761 3376 atquo
1786 3307 2017 3364 bonum!
2159 3303 2164 3308 ’

683 3415 861 3474 Nemo
885 3417 1222 3475 cometarum
1250 3414 1458 3488 (malus
1485 3414 1575 3472 est
1596 3412 1648 3471 si
1672 3412 1908 3486 spiritus
1934 3413 2121 3485 intus)

755 3522 1072 3581 Communis
1095 3522 1315 3595 patriae
1340 3521 1530 3580 nobile
1556 3521 1749 3578 turbet
1772 3535 1933 3592 opus.

679 3629 788 3688 Sed
815 3630 1022 3688 cedant
1043 3629 1277 3687 tandem
1303 3643 1461 3686 arma
1483 3627 1649 3686 focis!
1683 3626 2031 3698 requiescere
2056 3627 2250 3686 detnrz

751 3737 1008 3810 Fulgore
1029 3751 1132 3795 neo
1157 3735 1294 3792 ferri
1322 3750 1432 3806 pax
1461 3734 1724 3792 videatur
1746 3749 1888 3794 onus

685 3846 952 3912 Urbibus
993 3861 1058 3901 ae
1093 3842 1314 3916 populis
1352 3859 1450 3914 per
1485 3841 1801 3914 vectigalia
1836 3842 1979 3902 dura

755 3952 1042 4015 Bellorum
1079 3950 1242 4008 furiis
1279 3948 1712 4009 intolerabilius.

1966 4061 1993 4104 4
